2670 4836
124 351 155 429 vj
518 341 793 408 PRAEFAT10

124 480 161 519 ne
178 460 249 516 milri
263 458 408 515 interdum
420 458 579 514 irascantur
593 459 663 514 artis
675 458 780 514 criticae
795 469 942 533 expertes,
958 460 1008 533 qui
1019 459 1122 516 Velleii
1138 470 1199 517 tex·

124 566 186 609 tum
199 554 296 607 multis
310 552 380 607 locis
397 551 627 619 mendosiorem,
646 569 732 624 quam
748 561 807 607 erat
823 550 853 604 in
866 551 1074 607 Burmanniana
1093 563 1121 608 et
1137 553 1200 609 aliis

125 646 321 712 editionibus,
346 643 484 700 dederim.
506 644 563 699 Sed
585 645 624 699 sic
645 643 737 699 faeere
759 642 900 698 editorem
920 643 1128 714 conveniebat,
1148 647 1200 719 qui

124 760 184 794 non
197 739 345 794 hominnm
360 738 539 794 eruditorum
554 737 665 793 somnia
681 736 750 792 dare
762 736 867 805 vellet,
885 736 936 791 sed
947 737 1039 810 prima
1052 737 1197 806 editione,

126 850 188 904 qua
200 832 235 886 ad
247 831 331 886 unius
342 829 450 885 codicis
460 831 620 904 exemplum
633 828 754 885 formata
767 838 839 884 esset
849 871 857 899 ,
866 848 919 902 per
931 829 1026 884 omnia
1038 829 1200 903 sequenda,

125 942 263 978 summam
279 922 410 978 lectionis
425 922 576 978 veritatem
594 940 723 997 quaerere
736 921 888 976 statuisset.
904 923 947 976 Ne
963 921 1200 996 orthographiam

126 1016 263 1089 quidem,
287 1016 415 1088 quamvis
436 1034 509 1090 saepe
526 1017 681 1087 vitiosam,
703 1027 815 1070 mutare
837 1032 920 1070 ausus
941 1032 1026 1084 sum,
1050 1026 1146 1085 recte,
1167 1026 1201 1072 ut

126 1107 250 1180 opinor,
272 1107 421 1179 judit-ans,
443 1109 474 1162 in
493 1108 655 1180 scriptore,
677 1108 726 1181 qui
747 1127 782 1163 ex
798 1126 858 1162 uno
876 1117 986 1162 tantum
1009 1108 1108 1164 codice
1129 1128 1201 1182 pro-

125 1197 242 1268 diisset,
259 1201 365 1254 nnllam
380 1199 549 1273 religionem
566 1212 647 1271 posse
663 1196 781 1252 nimiam
796 1198 899 1255 videri.
912 1201 972 1254 Nec
989 1211 1084 1255 tamen
1099 1201 1138 1254 ita
1154 1219 1201 1256 me

126 1290 225 1363 primae
245 1291 365 1346 editioni
379 1290 458 1363 quasi
474 1290 502 1344 in
517 1289 683 1344 servitutem
697 1290 812 1358 addixi,
831 1301 863 1343 ut
875 1291 1125 1347 emendationibus
1140 1293 1201 1348 sive

126 1380 266 1450 aliorum,
283 1382 342 1436 sive
356 1382 438 1450 meis,
456 1391 512 1435 tam
526 1380 643 1455 liquidis
655 1391 683 1436 et
695 1379 798 1449 certis,
814 1391 846 1434 ut
860 1380 910 1454 qui
925 1381 1057 1452 dubitet,
1074 1383 1200 1457 stuporis

126 1483 225 1527 notam
242 1474 359 1542 subeat,
380 1477 475 1529 locum
493 1473 524 1528 in
541 1485 620 1529 textu
639 1474 819 1549 denegarem.
836 1475 909 1527 Tum
929 1485 1024 1529 autem
1045 1475 1202 1549 diligenter

127 1576 209 1619 retus
225 1565 310 1620 lectio
332 1565 453 1620 iudicata
472 1575 530 1634 est,
552 1575 603 1631 ut,
624 1564 674 1636 qui
693 1582 798 1619 noram
819 1564 913 1619 minus
937 1566 1061 1639 probet,
1083 1566 1201 1641 ingenio

128 1675 180 1712 suo
195 1656 315 1712 fruatur.
331 1658 475 1727 Quoniam
488 1676 559 1711 vero
576 1655 612 1711 de
628 1658 732 1724 Junta,
752 1658 933 1726 Vaseosano,
950 1668 979 1712 et
995 1656 1107 1713 editore
1125 1659 1203 1713 Rasi-

127 1749 216 1803 leensr
232 1750 327 1805 dicere
345 1749 519 1822 incepimus,
538 1767 598 1802 non
617 1748 739 1804 alienum
754 1748 886 1818 videtur,
911 1749 946 1804 de
964 1749 1082 1823 reliquis
1097 1750 1201 1821 etiam,

129 1842 179 1914 qui
194 1842 224 1896 in
237 1842 347 1896 Velleio
364 1842 539 1897 recensendo
553 1842 745 1910 elaborarint,
762 1842 903 1914 judicium
922 1853 1054 1898 nostrum
1070 1843 1201 1919 interpo-

128 1950 206 1987 nere.
227 1935 261 1987 ln
282 1934 325 1987 his
340 1933 388 1988 alii
403 1934 514 1988 nullum
535 1933 595 1988 lere
614 1932 851 2008 operaepretium
870 1933 1020 2002 lecerunt,
1040 1946 1073 1989 ut
1093 1937 1201 2011 Scheg-

127 2025 210 2090 liius,
234 2026 359 2097 Popma,
382 2029 542 2097 Gruterum,
562 2027 712 2082 Boeelems.
735 2026 868 2094 Quorum
883 2035 1078 2098 postremum,
1100 2026 1124 2081 si
1143 2027 1201 2082 mei

128 2136 173 2174 res
186 2118 299 2173 arbitrii
312 2118 428 2189 suisset,
444 2120 497 2175 hae
511 2118 638 2175 editione
651 2137 769 2193 prorsus
783 2118 962 2173 exclusissem
974 2158 982 2187 ,
996 2118 1078 2191 quod
1089 2117 1201 2173 dudum

128 2213 245 2285 explosa
263 2224 305 2267 est
321 2233 337 2267 a
355 2212 425 2268 viris
442 2213 550 2281 doctis,
571 2212 702 2287 inprimis
721 2232 737 2267 a
756 2213 798 2266 Cl.
819 2213 941 2266 Ernesto
959 2210 990 2264 in
1007 2211 1200 2284 pulcherrima

127 2305 295 2379 praefatione
311 2307 348 2360 ad
364 2306 493 2362 Tacitum
508 2325 536 2380 p.
555 2315 611 2381 49,
630 2323 731 2361 eorum
748 2303 886 2372 stultitia,
908 2302 958 2375 qui
975 2302 1130 2359 historicos
1146 2322 1201 2377 po-

127 2399 203 2455 litica
223 2402 334 2456 ratione
348 2400 581 2473 interpretentur.
597 2398 654 2454 Alii
670 2397 706 2452 de
721 2396 832 2451 Velleio
850 2396 985 2469 praeclare
1000 2395 1096 2452 meriti
1115 2406 1200 2465 sunt,

129 2502 162 2545 ut
180 2492 342 2561 Acidalins,
363 2494 523 2560 Puteanus,
542 2491 668 2564 Lipsius,
684 2488 819 2559 Vossius,
840 2489 981 2545 Heinsius.
1001 2490 1201 2547 Acidalianum

129 2600 235 2637 nomen
258 2582 340 2657 gravi
357 2582 465 2638 invidia
485 2582 614 2650 laborat,
636 2582 794 2655 praesertim
818 2583 893 2656 apud
917 2602 983 2653 eos,
1007 2581 1057 2655 qui
1077 2581 1149 2637 nihil
1171 2584 1201 2639 in

130 2687 260 2733 veterum
275 2677 357 2733 libris
376 2677 559 2733 emendandis
579 2677 714 2752 ingenio,
732 2675 829 2731 omnia
844 2677 996 2732 MStorum
1017 2675 1201 2746 auctoritati,

129 2770 220 2825 tribui
237 2769 336 2825 velint.
352 2772 453 2843 Neque
471 2788 525 2843 ego
545 2767 729 2843 negaverim,
751 2768 912 2823 Acidalium
922 2811 932 2836 ,
953 2768 1112 2842 juventutis
1132 2780 1201 2824 aestu

130 2863 276 2930 ablatum,
294 2865 383 2917 multa
402 2863 430 2916 in
449 2863 525 2917 notis
541 2862 577 2917 ad
598 2861 757 2931 Velleium,
775 2880 899 2935 quorum
916 2861 1009 2934 ipsum
1027 2872 1125 2934 postea
1140 2880 1201 2934 poe·

129 2957 267 3022 nituerit,
279 2955 421 3011 effudisse.
435 2955 492 3010 Sed
507 2955 583 3009 idem
596 2966 640 3008 tot
651 2966 708 3008 tam
723 2955 868 3027 desperata
880 2955 982 3008 Velleii
994 2955 1111 3009 vulnera
1124 2964 1201 3008 tanta

131 3050 264 3105 felicitate
278 3049 403 3115 sanavit,
420 3058 452 3101 ut
467 3048 548 3103 facile
559 3058 710 3120 appareat,
729 3066 814 3116 eum,
835 3047 858 3101 si
872 3046 909 3100 ad
923 3046 1114 3101 maturitatem
1133 3065 1201 3118 per-

131 3143 230 3198 venire
246 3141 400 3214 potuisset,
420 3140 558 3211 majorem
574 3138 829 3211 reprehensoribus
845 3138 901 3193 suis
924 3137 1055 3191 criticum
1070 3137 1201 3193 futurum

131 3235 225 3289 fuisse.
252 3235 397 3300 Puteano,
425 3230 572 3287 cultissimi
596 3230 703 3305 ingenii
726 3231 811 3299 viro,
838 3226 977 3303 quiequid
1000 3227 1084 3283 bonae
1109 3229 1202 3304 frugis

131 3325 223 3381 Aldus
241 3327 337 3397 Nepos
352 3323 465 3391 attulit,
482 3324 641 3381 sublectum
658 3341 737 3392 esse,
757 3321 824 3377 Aldi
842 3318 955 3394 ignaria
971 3321 1109 3376 credibile
1123 3321 1200 3377 iacit.

132 3418 188 3474 Sed
205 3429 236 3472 ut
253 3417 305 3472 iste
317 3416 353 3470 ab
368 3416 443 3469 avita
455 3426 630 3489 paternaque
643 3415 751 3472 virtute
765 3413 900 3481 descivit,
917 3414 956 3468 ita
968 3413 1113 3469 Gerardus
1128 3417 1202 3470 Vos-

131 3509 189 3565 sius
203 3527 232 3563 se
245 3506 441 3583 dignissimum
458 3517 537 3562 tauto
555 3519 636 3582 patre
651 3507 741 3564 filium
756 3508 787 3562 in
802 3507 912 3564 Velleio
930 3505 1043 3563 edendo
1058 3507 1201 3580 praestitit.

132 3600 270 3656 Omnium
283 3611 378 3654 tamen
388 3599 489 3653 Velleii
499 3600 689 3674 interpretum
699 3600 786 3672 longe
796 3600 939 3671 longeque
950 3597 1109 3673 principem
1119 3618 1200 3672 pono

132 3693 244 3748 lustum
263 3691 406 3765 lipsium,
426 3690 505 3761 cujus
522 3691 623 3746 miram
641 3691 820 3766 sagacitatem
838 3690 868 3744 in
886 3689 963 3744 vitiis
979 3690 1154 3757 odorandis,
1171 3702 1201 3746 et

131 3804 230 3861 parem
247 3784 391 3839 solertiam
406 3784 436 3839 in
451 3784 554 3840 iisdem
567 3782 719 3851 tollendis,
739 3801 797 3836 non
820 3782 949 3838 dubitem
961 3783 1073 3839 critices
1088 3783 1200 3839 studio-

132 3880 187 3941 sis.
204 3890 347 3952 tamquam
361 3879 529 3953 praeclarum
543 3876 627 3951 hujus
640 3875 708 3932 artis
720 3878 899 3950 exemplum,
916 3877 1125 3933 commendare.
1140 3878 1200 3931 Nec

132 3972 243 4031 lleiusii
256 3971 286 4026 in
299 3971 377 4045 praef.
389 3971 528 4045 judicium
543 3971 683 4042 discrepat
695 3989 710 4024 a
722 3987 804 4024 meo:
822 3994 834 4016 α
846 3968 956 4043 Lipsius
969 3979 1012 4024 tot
1026 3967 1200 4041 conjecturis

132 4059 332 4145 pulcherrimis
343 4064 523 4122 Paterculum
534 4062 716 4133 emacularit,
726 4073 775 4134 ut,
783 4080 872 4138 quum
879 4060 988 4137 ubique
997 4062 1033 4117 sit
1045 4061 1074 4115 in
1087 4058 1200 4133 scriptis
