2670 4836
136 318 200 398 xxij
378 316 697 381 Dtssfflttarto
723 317 957 384 EDITORIS

136 434 206 483 Nihil
225 449 284 498 ergo
303 443 360 497 post
379 449 472 480 annum
491 434 566 482 Urbis
580 432 686 482 condita
703 435 888 495 noctxvnl,
908 453 958 500 quo
978 448 1106 501 praeturam
1128 443 1220 504 gessit,

134 528 228 565 certum
240 517 376 576 habemus,
391 517 440 564 nisi
453 517 522 581 qnod
538 517 697 582 quindecimo
714 530 771 582 post
785 535 852 568 anno
866 519 995 568 historiam
1007 539 1076 570 suam
1090 527 1218 589 conscrip-

134 601 180 661 sit3
199 611 271 664 atque
284 600 317 647 ita
331 599 380 648 iere
395 603 448 662 ejus
461 601 561 651 annales
573 603 601 650 in
615 612 709 651 arctum
723 603 801 667 redigi
814 614 930 668 possum:

244 784 341 834 ANNI

578 884 794 940 ANNALES
824 885 1093 942 VELLEIANI.

511 1140 627 1191 Nascitur
638 1145 754 1194 Velleius.

511 1227 602 1291 Togam
616 1227 712 1276 virilem
726 1230 814 1287 sumit;
827 1231 906 1294 prima
919 1230 1041 1294 stipendia
1054 1232 1083 1279 iu
1096 1230 1215 1280 Macedo·

475 1312 516 1360 nia
529 1325 553 1360 et
566 1315 670 1365 Thracia
682 1317 750 1375 iacit,
763 1320 863 1365 sortasse
875 1319 955 1366 statim
968 1319 999 1367 ab
1013 1319 1085 1368 initio
1099 1319 1215 1368 uibuuus

475 1399 589 1448 militum.

510 1487 542 1533 lu
556 1503 643 1552 agmen
658 1487 776 1554 recipitur
788 1488 816 1537 C.
830 1488 947 1548 Caesaris,
962 1490 1103 1556 provincias
1116 1491 1214 1555 perius-

475 1571 569 1620 trautis.

511 1654 588 1702 Adest
603 1655 630 1704 C.
645 1657 733 1706 Caesari
744 1659 771 1706 in
786 1658 916 1722 Euphratis
930 1659 984 1724 ripa
996 1675 1053 1707 cum
1065 1659 1213 1707 Parthorum

476 1754 531 1802 rege
545 1741 720 1805 congredienti.

511 1825 612 1875 Mortuo
624 1827 698 1889 Caio,
714 1829 818 1877 Romam
831 1829 903 1878 redit.
920 1829 986 1877 Patri
1001 1829 1029 1877 in
1040 1829 1082 1878 alae
1094 1830 1215 1893 equestria

474 1909 616 1974 praefectura
634 1913 751 1961 succedit.
769 1915 896 1963 hlectus
914 1917 1025 1979 equitnm
1042 1931 1099 1963 com
1111 1914 1214 1962 Tiberio

475 1993 502 2042 in
515 1995 672 2045 Germaniam
686 1997 856 2063 proficiscitur.

510 2084 614 2131 Romam
625 2100 736 2132 reversus
750 2094 895 2148 quastursm
906 2084 982 2148 petit:
998 2083 1137 2149 designatus
1148 2098 1214 2147 que·

475 2176 542 2227 stor,
552 2177 646 2232 partem
656 2171 778 2218 exercitus
788 2170 820 2217 ad
831 2169 959 2217 'liberium
970 2168 1045 2216 ducit.

511 2252 614 2300 Romam
631 2252 711 2313 redit,
728 2254 759 2301 ad
776 2252 891 2302 obeunda
905 2262 1031 2317 questura
1049 2252 1142 2300 munia.
1162 2251 1214 2300 Sub

473 2337 534 2385 suni
544 2334 621 2385 finem
631 2336 723 2402 legatus
733 2337 837 2402 legionis
847 2338 878 2385 ad
888 2336 1030 2397 Tiberium,
1044 2337 1071 2384 in
1083 2337 1215 2385 Pannonia

474 2418 565 2469 bellum
578 2433 717 2485 gerentem,
730 2423 872 2479 revertitur;
887 2421 946 2469 inde
957 2438 1002 2486 per
1011 2422 1121 2486 quinque
1133 2422 1215 2470 conti-

474 2522 538 2555 nuos
551 2524 630 2556 annos
643 2507 674 2555 ab
688 2509 741 2567 ejus
755 2508 839 2555 castris
853 2524 906 2555 nou
920 2507 1031 2556 discedit.

509 2594 626 2642 Secundo
638 2608 704 2642 anno
716 2594 775 2641 belli
788 2593 924 2658 pannonici
936 2594 1045 2641 interest.

507 2682 571 2727 Item
582 2677 647 2726 bello
659 2677 796 2725 delmatioo.

507 2767 583 2823 Item,
596 2774 653 2830 post
662 2764 722 2811 Vari
732 2762 838 2822 cladem,
852 2763 918 2810 bello
928 2764 1068 2827 germanico
1079 2773 1105 2811 et
1113 2779 1216 2829 compo·

471 2851 561 2898 nendis
573 2850 659 2899 Galliis
672 2867 718 2914 per
730 2847 869 2897 biennium.

507 2938 593 2983 llomae
606 2935 798 2997 triumphantem
811 2933 938 2982 Tiberium
951 2933 1087 2981 comitatur.

507 3017 672 3076 AEdilitatem,
694 3026 735 3064 aut
751 3016 819 3080 quod
839 3032 898 3063 vero
918 3017 1038 3080 propius,
1060 3017 1214 3066 tribunatum

471 3102 551 3166 plebis
563 3103 633 3165 gerit.

507 3185 547 3234 Ab
559 3187 671 3250 Augusto
681 3186 802 3235 moriente
812 3196 903 3250 praetor
912 3186 1063 3250 designatur.

506 3272 638 3318 Praeturam
648 3272 718 3336 gerit.

506 3357 616 3403 Fortasse
625 3356 760 3404 exercitum
773 3356 800 3404 in
809 3356 958 3405 Macedonis
967 3357 1090 3422 praesidet.

505 3439 639 3488 Historiam
652 3440 689 3489 tt.
701 3440 803 3489 Vinicsb
816 3440 913 3489 consuli
926 3440 1008 3488 mittit.

162 3619 234 3668 Nihil
247 3619 315 3669 aliud
330 3619 361 3667 de
377 3619 464 3667 Nostri
475 3620 525 3668 rita
540 3631 693 3686 compertum
706 3622 826 3669 hebenum
837 3637 843 3667 :
862 3636 909 3668 nec
923 3620 989 3670 illius
1002 3621 1111 3685 ingentis
1126 3622 1212 3686 operis

123 3703 205 3767 iusta,
217 3716 245 3753 nt
258 3707 311 3770 ipse
323 3714 410 3765 vocat,
423 3704 549 3754 volumina
560 3723 614 3771 quar
624 3723 688 3772 aaepe
699 3706 845 3772 pollicetur,
856 3715 939 3753 utrum
950 3722 1077 3771 aggressus
1087 3706 1131 3766 ait,
1141 3718 1212 3754 certo

125 3790 256 3854 quisquam
266 3790 348 3837 dicere
361 3789 438 3853 possit
448 3806 454 3836 :
469 3805 515 3837 nec
523 3789 572 3838 nisi
582 3807 663 3853 mera,
676 3800 714 3851 et,
731 3791 758 3838 in
767 3791 894 3838 communi
904 3791 1082 3840 historicorum
1093 3790 1193 3839 silentio
1204 3825 1212 3850 ,

124 3892 213 3939 parurn
232 3875 356 3940 probabili
372 3877 512 3937 conjectura
528 3887 640 3926 necatum
660 3876 730 3924 illum
748 3877 814 3924 inter
832 3877 915 3937 Seiani
934 3878 1026 3927 amicos
1041 3877 1116 3924 fuisse
1134 3876 1211 3940 vulgo

123 3956 264 4006 affirmator.
277 3959 392 4018 Seianum
406 3958 498 4023 quippe
512 3960 605 4018 iaudat,
620 3976 672 4007 non
683 3970 710 4006 ut
725 3959 847 4021 amicum,
861 3961 904 4009 sed
918 3977 950 4009 ue
964 3971 992 4009 ut
1005 3970 1138 4025 patronum
1150 3960 1209 4023 qui-

125 4038 198 4087 dem:
214 4056 255 4099 ac,
269 4039 318 4087 nisi
333 4040 417 4103 fallor,
431 4041 504 4090 aulici
519 4043 601 4107 potius
615 4059 746 4108 personam
759 4044 823 4109 agit,
836 4044 927 4109 negligi
941 4061 966 4092 se
976 4043 1170 4110 apsarensis,
1185 4053 1210 4090 et
