2670 4836
125 317 146 396 ij
399 312 657 379 PRAEFATIO
680 315 926 378 EDITORIS.

125 429 212 494 idern
230 429 353 491 facturn
371 427 503 492 duobus
517 445 573 493 aut
592 430 689 494 etiam
707 429 811 493 tribus
828 428 963 493 diversis
980 429 1202 517 temporibus,

125 546 184 609 ubi
197 543 383 607 nullatenus
399 542 608 609 dissentirent
622 560 791 627 auctores,
811 544 1060 610 adscriberetur.
1077 546 1147 610 Nos
1162 545 1204 609 ad

124 656 380 737 Varronianam,
401 672 440 718 ut
457 656 658 720 notissimam
677 672 709 719 et
727 680 814 720 nunc
832 658 1087 746 vulgatissimam
1107 659 1206 722 ratio·

126 794 200 835 nem
212 816 222 847 ,
248 769 391 833 calculos
412 792 525 835 omnes
549 771 765 859 interpretum
788 770 990 860 redegimus,
1014 772 1076 834 nisi
1099 795 1202 860 quum

127 907 222 948 aeraru
234 885 296 971 ipsi
309 906 419 964 suani,
433 900 489 946 aut
503 884 603 947 fastos
617 885 811 973 capitolinos
825 885 1016 948 indicarent.

171 999 329 1061 Praeterea
342 999 374 1059 in
387 994 451 1059 fine
462 997 641 1084 fragmenta
652 1022 724 1084 qnae
734 998 860 1061 Velleio
871 997 1037 1085 quondam
1050 999 1206 1087 iuscripta

127 1112 262 1174 fuerunt
276 1109 457 1192 edidimus5
473 1110 669 1174 Kranaianas
684 1133 798 1174 omnes
812 1110 969 1173 lectiones
983 1134 1001 1172 a
1015 1108 1207 1175 Rnlirrkenii

128 1245 218 1293 textu
239 1226 396 1308 diversas,
421 1226 641 1289 Krausiannm
664 1225 759 1288 etiam
779 1224 920 1288 indicem
942 1226 1090 1287 omnium
1111 1225 1206 1288 locu·

128 1344 362 1434 pletissinrnm,
390 1341 533 1430 demptis
559 1339 793 1405 tantummodo
814 1340 852 1403 iis
872 1363 943 1427 quae
964 1339 1086 1402 nullius
1109 1340 1207 1427 pretii

126 1461 193 1524 visa
216 1474 303 1522 sunt.

172 1573 275 1657 Quod
290 1574 435 1661 primum
454 1573 634 1635 inieramus
649 1569 690 1634 de
707 1569 872 1635 Dodwelli
888 1569 1064 1633 Velleianis
1080 1569 1208 1632 annali·

127 1690 191 1753 bus
216 1686 371 1767 edendis,
398 1710 434 1750 re
459 1686 643 1748 accuratius
667 1709 844 1774 perpensa,
869 1685 1041 1750 consilinm
1066 1687 1207 1748 mutavi-

128 1826 211 1868 mus.
236 1802 321 1866 Nam
340 1801 436 1889 plena
453 1798 586 1886 quidem
608 1797 759 1861 doctrina
781 1814 814 1861 et
835 1799 986 1861 acumine
1007 1797 1207 1879 dissertati0‚

128 1920 227 2005 longa
247 1933 356 1979 tamen
377 1912 569 1996 videbatur,
588 1931 619 1977 et
638 1913 725 2001 stylo
743 1912 903 2000 plumbeo
920 1912 1077 1999 nulloque
1094 1910 1209 1976 ordine

128 2032 266 2118 scripta,
280 2051 340 2092 nec
357 2026 552 2115 gravissimis
564 2027 663 2090 etiam
678 2047 787 2089 carere
802 2025 968 2089 erroribus
982 2025 1037 2112 qui
1053 2048 1070 2087 a
1084 2025 1112 2088 J.
1125 2025 1210 2089 Mas·

128 2166 230 2224 sono,
250 2142 283 2204 in
298 2141 384 2204 Nor.
405 2139 453 2201 lit.
472 2154 496 2201 t.
513 2139 562 2202 XI
581 2136 631 2225 (si
647 2137 846 2203 Ruhnkenio
861 2138 958 2220 fides,
976 2162 1036 2202 nos
1053 2139 1140 2201 enim
1158 2139 1208 2202 lo·

128 2280 203 2321 cum
216 2255 501 2371 designatumnop
513 2250 749 2380 iprepimnsla
763 2252 951 2314 Burmanno
966 2267 1074 2312 autem
1091 2265 1124 2313 et
1137 2250 1208 2343 ipso

127 2335 398 2434 Ruhnkenldlrl
395 2369 500 2448 netis,
521 2346 651 2430 metito
654 2343 803 2454 exagitati
821 2381 940 2429 essent.
963 2363 1116 2427 Novam
1109 2366 1209 2452 igitur

128 2484 245 2547 Velleii
269 2484 386 2544 vitam·
392 2477 635 2587 exhibcpdpui·
629 2476 696 2551 affati
723 2502 853 2559 sumus,
878 2481 936 2543 ubi
958 2479 1042 2542 nihil
1062 2479 1129 2540 veri
1151 2497 1209 2544 aut

128 2595 306 2685 probabilis
333 2585 578 2685 omitteretur
572 2591 676 2674 nihil
706 2590 878 2653 manifesto
909 2591 980 2654 falsi
1010 2608 1207 2656 occurreret

129 2708 217 2772 Huic
229 2708 327 2770 ctiam
340 2667 631 2802 subjunxlnitls'
584 2686 715 2769 llinisii
727 2702 768 2767 de
782 2704 940 2768 Velleiani
954 2705 1060 2793 operis
1077 2703 1206 2785 indole,

128 2818 263 2908 ejusque
275 2818 493 2899 editionibus,
506 2836 690 2883 accuratam
702 2822 1032 2902 commentationem,
1050 2843 1116 2883 non
1135 2843 1206 2883 eam

129 2953 237 3000 tamen
256 2957 328 3021 quae
345 2936 377 2996 in
396 2934 529 3015 majori,
553 2933 611 2998 sed
631 2955 703 3020 quas
720 2934 754 2996 in
773 2936 894 2999 minori
917 2935 1063 2999 editione
1084 2934 1209 3022 reperi·

130 3066 202 3129 tur,
224 3070 299 3110 nam
320 3047 418 3109 altera
442 3048 529 3110 mole
551 3071 609 3111 sna
629 3048 778 3112 fatiscere
795 3049 892 3112 uobis
908 3049 975 3111 visa
989 3064 1046 3111 cst.
1064 3048 1106 3110 Et
1119 3044 1209 3134 quod

130 3163 165 3224 in
177 3161 240 3223 alia
254 3159 399 3224 editione
415 3158 532 3224 frustra
552 3183 695 3247 quaeras,
715 3163 819 3227 totius
835 3163 941 3252 operis
958 3178 1210 3248 argumentum,

130 3275 182 3339 vel
209 3274 319 3362 potius
348 3279 465 3338 asiarco
488 3274 528 3338 acl
550 3292 654 3340 certas
678 3293 866 3367 temporum
886 3275 1027 3338 rationes
1044 3291 1209 3356 exactam,

131 3387 307 3468 adjuvante
321 3389 509 3454 Krausianae
525 3391 680 3457 editionis
694 3394 863 3482 marginali
877 3392 1107 3481 chronologia,
1125 3414 1211 3455 com·

132 3505 303 3591 posuimus
319 3527 326 3566 :
344 3507 463 3591 quibus
477 3509 595 3572 nostris
612 3509 796 3591 laboribus,
812 3509 872 3573 etsi
884 3506 1067 3587 modicum,
1085 3503 1210 3594 aliquid

132 3647 241 3694 tamen
259 3629 298 3694 de
318 3630 444 3695 Velleio
461 3632 545 3697 bene
562 3635 671 3697 meriti
688 3633 848 3697 dicemur.

823 3762 865 3824 N.
886 3762 922 3825 E.
942 3762 1109 3827 Lauerna.

462 3957 889 3989 ww*—
