2670 4836
173 311 260 391 xxxij
446 306 672 372 NOTITIA
693 304 983 369 LlTEllARlA

178 438 226 488 τι,
239 436 302 475 extr.
320 425 382 483 116,
400 423 477 489 ¹19);
491 436 539 471 aut
551 422 583 472 de
600 424 710 473 virorum
726 437 881 471 summorum
898 422 936 469 vel
951 421 1074 483 honeste,
1091 423 1130 470 vel
1146 425 1258 485 sortiter,

177 511 287 559 velseite
299 508 387 569 dictis,
399 508 515 555 virtutem
527 506 770 555 etindolerueornm
784 505 964 554 declarantibus
977 507 1014 572 (v.
1027 523 1050 554 c.
1064 509 1092 568 l,
1105 523 1154 567 ¹⁰3
1168 512 1212 569 11,
1226 519 1259 571 ι,

181 602 227 654 ιι,
240 609 286 653 27,
299 591 348 650 33,
364 607 408 652 77,
424 590 489 653 86);
502 602 549 637 aut
562 589 593 637 de
607 590 717 655 gentium
727 590 938 653 familismmque,
951 590 1066 653 inprimis
1077 589 1260 640 sdbchelleii

175 688 244 727 aetste
258 676 482 733 nobilissimarum,
498 675 594 723 iortnns
607 675 739 740 insigniori
754 677 794 741 (r.
807 677 867 734 el,
881 676 982 734 11311,
1000 690 1046 735 ιο,
1061 674 1117 722 coll.
1133 691 1181 737 ιι,
1195 674 1259 740 qa);

176 774 222 810 αιιι
239 762 269 809 de
288 759 361 808 rebus
379 761 482 807 omnino
499 758 530 806 sd
550 759 717 822 antiqnitstem
734 755 934 822 pertinentibus,
951 757 1004 804 rire
1020 757 1053 805 de
1066 758 1217 822 dignitatum
1234 768 1261 806 et

179 842 340 909 imperiosum
355 841 567 890 vicissitudinibus
580 843 618 906 (v.
632 858 654 889 c.
668 844 710 902 11,
728 845 775 901 ιδ,
790 842 837 901 3ο,
852 841 903 900 ³2,
918 838 981 904 89),
994 840 1046 888 sive
1061 840 1092 888 de
1103 840 1186 905 legum
1198 857 1261 890 oon·

178 927 309 977 suetudine
322 926 350 973 iu
362 926 422 972 viris
437 925 536 973 eximiis
549 924 644 972 deserta
658 925 699 990 (v.
712 941 734 972 c.
747 927 789 984 11,
806 941 854 985 ts,
874 921 939 987 3ο),
956 923 1008 971 sive
1024 922 1056 971 de
1072 925 1175 988 entique
1189 941 1261 973 seve·

178 1012 288 1077 riorique
299 1011 441 1076 disciplina,
454 1009 493 1057 vel
504 1009 617 1075 publica,
628 1019 677 1057 tam
689 1009 821 1057 domestice
834 1010 881 1075 (1,
896 1022 942 1067 ιο,
954 1015 1017 1057 extr.
1032 1010 1079 1068 15;
1091 1012 1133 1068 11,
1147 1010 1181 1070 8,
1197 1008 1260 1073 ιο),

179 1112 253 1162 quam
267 1092 617 1159 mitiori(11,5‚7t),vet
632 1089 1116 1158 privsu(11,14,us,no),sive
1132 1092 1164 1141 de
1180 1091 1260 1141 adifi-

179 1181 274 1230 ciornm
287 1178 505 1228 celeberrimorum
515 1177 697 1234 monumentis,
710 1175 742 1223 ad
752 1175 841 1223 Velleii
852 1190 930 1238 usque
943 1184 1054 1240 tempori
1065 1174 1262 1240 perdurentibus

178 1258 860 1331 (1,11;11,1,t,et,c011.t1,1³0)‚sivede
876 1274 960 1307 rerum
976 1259 1006 1306 in
1020 1259 1102 1323 pretio
1118 1257 1261 1309 habiturum

179 1348 265 1406 initio;
279 1364 303 1394 v.
315 1362 337 1394 c.
351 1347 390 1403 ll,
405 1361 428 1405 7.

202 1432 305 1493 ,Pr-tter
318 1429 371 1476 hcc
384 1427 487 1474 variavit
500 1443 563 1492 opus
579 1442 651 1475 suum
664 1425 789 1484 Velleius,
800 1425 858 1488 qni,
871 1423 993 1488 quidquid
1008 1425 1072 1473 scitu
1085 1423 1262 1489 diguisu'mnm

178 1523 250 1577 atque
268 1512 425 1560 utilissimum
444 1520 510 1570 eret,
525 1510 687 1574 sequebatur,
705 1507 913 1574 digressionibus,
931 1507 1023 1570 quibus
1037 1524 1129 1573 genere
1147 1507 1261 1572 quedam

180 1596 263 1645 telinm
281 1612 380 1654 rerum,
400 1595 534 1659 esingnlis
550 1595 662 1643 aeutihus
681 1595 865 1659 decerptarum,
883 1609 934 1640 uus
952 1593 1034 1657 specie
1049 1603 1173 1643 connects
1189 1609 1262 1641 com·

179 1679 324 1745 prehendit,
339 1690 430 1743 etpost
443 1679 543 1743 longum
554 1679 745 1743 continuumque
759 1695 843 1727 rernm
853 1677 899 1726 ari
913 1677 1040 1739 cujusdem
1054 1688 1177 1742 gestarum
1188 1693 1261 1726 encr-

180 1763 321 1823 rttiouem,
339 1762 383 1810 ubi
402 1761 533 1810 subsistere
552 1760 657 1821 licebat,
676 1761 813 1826 legentibus
833 1762 944 1826 requiem
964 1772 988 1808 et
1008 1761 1154 1809 diverticuli
1171 1771 1261 1826 parat,

179 1847 325 1910 generisque
338 1845 426 1892 harum
440 1860 522 1891 rerum
535 1844 613 1909 ipsius
626 1846 739 1894 notitiam
754 1846 825 1894 ultius
840 1845 999 1893 inhaerentem
1013 1844 1175 1909 suppeditat:
1188 1846 1260 1905 cnjus

182 1929 217 1976 rei
230 1928 361 1976 consilium
372 1928 426 1992 ipse
437 1927 540 1991 exponit
551 1929 577 1985 l,
594 1938 633 1985 ιι.
644 1930 701 1978 Duo
711 1941 791 1978 sutem
803 1929 910 1978 maxime
923 1939 981 1977 sunt
994 1945 1077 1976 rernm
1087 1944 1194 1994 genere,
1206 1944 1263 1992 qm

182 2027 196 2059 s
206 2021 324 2076 perpetua
334 2021 406 2073 stque
419 2021 484 2058 recta
495 2011 644 2058 narrationis
655 2013 695 2060 via
709 2013 849 2078 digrediens
863 2013 1034 2078 perlustravit:
1048 2013 1152 2060 tlternm
1164 2011 1196 2060 sd
1205 2011 1263 2060 lite-

183 2112 264 2145 rtrum
275 2112 320 2159 per
331 2093 439 2143 diversus
453 2106 533 2143 etates
544 2095 609 2144 inter
621 2097 720 2144 Graecos
730 2099 906 2161 Romanosque
919 2108 1024 2155 statum,
1037 2096 1141 2144 tlternm
1155 2095 1187 2144 sd
1198 2093 1263 2144 lines

181 2180 280 2244 imperii
290 2179 442 2243 civitatisque
453 2195 560 2229 romense
569 2191 716 2245 propsgotos
727 2181 861 2244 pertinens.
871 2181 911 2229 Sic
924 2192 977 2229 tum
988 2180 1020 2228 ad
1030 2180 1140 2229 colomis
1149 2179 1263 2228 conditas

182 2275 208 2313 et
217 2265 325 2314 civitates
338 2265 430 2313 civium
441 2282 504 2313 rom.
515 2266 572 2326 jure
583 2265 700 2326 donstss,
714 2268 854 2315 narratione
865 2267 896 2314 sd
906 2265 1079 2330 Carthsginem
1089 2265 1195 2315 deletum
1204 2281 1264 2330 per·

182 2348 450 2415 ducts(l,1t,15);
466 2349 714 2414 tumadprovinciss
726 2352 822 2399 romani
835 2352 947 2416 imperii,
961 2367 975 2398 a
987 2351 1072 2416 Syria,
1085 2349 1198 2415 Pompeii
1210 2350 1263 2397 vir·

181 2443 233 2483 tute
248 2433 360 2493 subacta,
374 2435 583 2498 opportunitatem
599 2445 683 2482 nactus
698 2436 758 2500 (11,
773 2437 803 2483 38
816 2446 840 2482 et
857 2434 919 2499 39),
933 2434 1058 2495 excurrit,
1070 2434 1192 2499 incipiens
1206 2434 1264 2497 qui·

182 2517 239 2569 dem
248 2517 279 2563 ab
289 2516 377 2563 harum
388 2532 470 2563 rerum
480 2517 572 2577 initiis,
582 2517 625 2564 sed
634 2534 785 2583 procurrens
795 2518 897 2566 ulterius
908 2517 938 2564 td
948 2527 1071 2578 anetus,
1081 2515 1125 2564 ubi
1136 2516 1264 2564 desierunt

182 2608 309 2662 tempora,
321 2608 362 2658 ut,
376 2597 499 2660 quidquid
509 2597 661 2646 coloniarum
671 2599 813 2656 conditum,
825 2597 946 2661 quidquid
957 2598 1141 2662 provinciuum
1151 2596 1183 2644 sd
1193 2613 1265 2646 susm

182 2698 260 2745 usquo
274 2690 367 2729 etatem
385 2681 475 2729 iactum
491 2682 537 2741 sit,
553 2681 592 2728 his
610 2680 708 2729 duobus
726 2682 787 2729 locis
805 2681 1033 2746 comprehenderet.
1049 2682 1091 2731 Ae
1105 2682 1188 2730 literas
1203 2697 1265 2730 vero

182 2781 271 2830 groecss
287 2781 315 2812 sc
335 2781 448 2814 romanus
466 2765 534 2829 quod
555 2765 660 2823 attinet,
679 2765 787 2828 primum
807 2776 866 2829 post
888 2765 1040 2814 macedonici
1060 2765 1128 2830 regui
1152 2765 1265 2825 exitum

183 2849 386 2914 Carthaginisque
399 2859 423 2896 et
437 2848 552 2898 Corinthi
566 2849 706 2909 excidium,
721 2866 752 2896 ex
765 2865 815 2912 quo
832 2849 890 2896 iude
903 2848 949 2896 illa
961 2847 1136 2909 deflorescere,
1151 2848 1190 2896 hu
1203 2864 1265 2897 vero

183 2932 320 2991 increscere
336 2943 479 2998 coeperunt,
495 2934 614 2981 lectorum
630 2945 723 2982 mentes
737 2932 845 2980 Velleius
859 2932 890 2980 sd
904 2948 957 2980 erm
972 2948 1040 2993 rem,
1055 2948 1109 2996 quse
1123 2947 1197 2981 suum
1210 2933 1265 2980 sni·

183 3032 252 3066 mum
269 3017 428 3066 vehementer
450 3017 612 3080 percellebat,
632 3017 757 3076 intendit,
777 3017 819 3080 qui
840 3016 931 3065 scilicet
948 3018 1037 3065 lactum
1055 3018 1101 3076 sit,
1120 3027 1149 3064 ut
1167 3033 1264 3066 summu

184 3099 309 3148 literarum
327 3100 464 3162 srtiumque
482 3101 649 3162 cujuscunque
665 3101 761 3164 generis
776 3101 894 3165 perfectio
911 3101 977 3150 inter
995 3112 1126 3165 utrumque
1140 3101 1263 3165 populum

184 3193 288 3246 sngnsto
307 3182 425 3247 temporis
444 3182 524 3245 spatio
540 3180 672 3230 finiretur?
692 3184 767 3245 Quod
786 3184 820 3231 its
838 3184 947 3232 evenisse
967 3183 994 3230 in
1011 3182 1115 3247 singulis
1130 3183 1264 3247 generibus

185 3264 272 3326 docet,
285 3282 429 3329 csnssssque
440 3265 552 3330 indagat,
567 3265 713 3329 adjicitqne‚
728 3267 796 3330 quod
807 3283 859 3314 non
870 3268 952 3315 minus
964 3266 1105 3315 mirandum
1115 3276 1182 3327 erst,
1193 3267 1263 3314 Gru·

184 3365 270 3398 corum
285 3350 383 3416 ingenia
399 3361 472 3415 stqne
487 3360 549 3398 srtes
564 3350 622 3397 uuis
633 3349 739 3397 Athenis
754 3350 803 3397 fere
817 3367 869 3398 esse
880 3351 999 3409 inclusus,
1015 3350 1066 3397 vid.
1076 3352 1104 3411 1,
1119 3349 1264 3398 16....1t.

185 3432 281 3482 Deinde
297 3444 354 3498 post
374 3434 528 3483 Gracchanus
545 3433 694 3494 seditiones,
713 3434 776 3482 circa
796 3451 855 3498 quas
872 3434 941 3482 initia
956 3433 1082 3482 literarum
1102 3448 1264 3481 romeustum

184 3514 405 3576 efflorescentium,
419 3517 533 3580 inprimis
548 3517 660 3566 oratorie
672 3519 742 3576 ortis,
758 3518 886 3578 incidunt,
901 3535 995 3567 summa
1010 3518 1108 3582 ingenie
1121 3527 1265 3577 oritorum,

184 3610 313 3664 poetarum
326 3611 350 3648 et
362 3600 538 3648 historicorum
550 3600 626 3661 hujus
636 3612 660 3648 et
670 3602 778 3666 proximi
789 3603 848 3660 aevi,
863 3602 933 3649 brevi
945 3618 1002 3650 cum
1012 3600 1108 3662 iudicio
1123 3609 1265 3659 enumertt;

185 3685 234 3734 vid.
248 3687 288 3746 11,
302 3702 326 3748 9.
339 3686 426 3749 Neque
440 3685 537 3745 minus,
550 3697 681 3751 postquem
694 3687 802 3735 narratio
814 3685 919 3733 deducte
932 3696 984 3734 erat
994 3685 1024 3733 ud
1035 3684 1162 3747 Ciceronis
1171 3699 1265 3732 consu·

185 3766 276 3829 latum,
289 3785 302 3816 a
313 3784 364 3831 quo
378 3768 435 3816 inde
447 3769 553 3833 Augusti
564 3780 635 3829 aetas,
649 3781 673 3818 et
683 3771 828 3834 eloquentie
841 3769 1013 3834 literarumque
1024 3784 1181 3818 romanarum
1192 3777 1265 3816 otte·

185 3867 268 3900 rtrum
286 3868 381 3899 summa
395 3851 511 3915 perfectio
525 3853 630 3917 incipit,
648 3854 723 3916 hujus
740 3856 785 3903 aevi
800 3854 942 3903 excellentia
960 3855 1057 3920 ingenia
1074 3853 1106 3902 sd
1122 3868 1167 3901 sus
1183 3868 1264 3918 usque

186 3942 295 3998 tempora
309 3945 433 3992 recenset,
447 3934 497 3982 vid.
511 3937 535 3983 Π
543 3972 550 3995 ,
566 3936 606 3984 36.

221 4020 274 4066 Jsm
293 4019 435 4071 videamus.
452 4021 579 4083 quomodo
594 4032 618 4068 et
632 4022 738 4069 oratoris
754 4023 823 4085 quusi
839 4032 919 4085 partes
935 4021 1011 4084 egerit
1024 4021 1160 4070 historicus
1174 4029 1268 4069 noster.
