2670 4836
1164 226 1172 256 l

129 321 203 399 ιιι]
232 315 445 383 DlSSERT.
469 318 597 382 EDlT.
620 318 684 382 DE
707 319 744 382 C.
764 318 895 384 VELL.
919 321 1115 389 PATERC.

128 435 239 481 excusari
249 444 343 498 potest3
357 434 438 494 major
447 450 504 497 pars
514 450 545 481 ex
556 433 664 498 pessimo
673 434 754 494 fonte,
766 451 840 498 quem
850 437 902 496 jem
913 436 1110 501 indigitavimns,
1122 441 1208 490 adula-

129 518 196 566 tione
215 519 327 566 defluxit.
342 520 400 580 Quo
416 518 519 566 numine
538 528 666 583 tantopere
683 519 779 567 laborat
792 518 917 579 Velleius,
937 531 965 567 ιιι
983 537 1015 569 ιιι
1033 523 1084 570 suis
1104 524 1207 586 quidem

128 600 304 668 interpretibus
324 603 360 651 uti
379 603 457 668 possit
473 602 604 652 advocatis.
625 605 706 653 lmruo
727 603 793 669 spud
814 603 959 668 plerosque,
978 606 1112 669 aliqnando
1133 610 1208 658 etiam

125 684 193 744 josto
212 686 338 744 acerbius,
353 687 487 750 exagitatur
501 703 531 735 eo
544 687 661 735 nomine:
676 704 722 735 nec
743 689 800 736 satis
813 687 845 736 ad
860 690 913 748 ejus
928 689 1016 737 lamam
1031 692 1208 740 restituendam

127 769 203 816 velerit
221 771 302 819 Caroli
318 771 526 836 Morgensteruii,
544 772 690 835 professoris
707 773 877 831 Gensdensis,
897 773 969 821 docta
988 774 1054 838 apud
1071 777 1207 825 Knusium

127 855 301 902 commentatio
315 855 346 902 de
354 855 412 923 fide
428 854 544 902 lu'storica
564 855 654 904 Velleir'
667 856 800 906 Paterculi.
819 858 940 905 Kreusins
957 858 1025 921 ipse,
1043 861 1114 920 enjus
1130 861 1208 909 modo

127 940 332 988 accuratissimum
346 939 541 988 dissertationem
556 941 675 988 lectorum
689 941 767 988 oeulis
780 940 953 1001 subjiciemus,
969 943 1052 991 nereio
1066 960 1098 991 an
1113 945 1207 992 auctori

127 1037 174 1068 suo
185 1022 290 1070 nimium
301 1023 433 1074 indulsisse
442 1022 546 1071 videtur.
557 1023 612 1071 Nos
621 1025 714 1071 crimen
726 1023 794 1072 lateri
806 1024 940 1084 malumus,
950 1041 1024 1088 quam
1033 1027 1100 1089 apud
1110 1027 1208 1087 jndices

126 1107 189 1154 mule
202 1107 300 1155 affectos
310 1107 383 1155 etiam
393 1106 548 1155 defendendo
559 1122 654 1170 ungere.
665 1108 725 1155 Nou
735 1117 835 1167 temen,
849 1107 917 1171 qnod
928 1124 1001 1156 susus
1013 1119 1050 1155 est
1061 1120 1145 1157 noster
1154 1110 1207 1158 lau-

127 1188 256 1238 dstiounm
269 1191 374 1255 scriptor
386 1191 548 1248 clarissimus,
561 1189 683 1249 Thomas,
697 1189 724 1237 in
738 1190 781 1237 illo
795 1190 975 1253 elegantissimo
987 1192 1018 1239 de
1030 1202 1080 1239 arte
1094 1210 1151 1240 vere
1163 1210 1208 1242 sus

127 1281 243 1333 tractatu,
258 1274 349 1324 l'Essai
360 1293 404 1324 sur
419 1277 454 1324 les
470 1275 563 1340 e'loges,
580 1274 703 1322 Velleium
716 1283 827 1323 nostrum
841 1291 947 1339 persons
960 1275 1073 1324 vilissimi
1089 1279 1208 1342 mancipii

127 1356 277 1420 induemus,
291 1360 395 1408 herilem
413 1360 489 1407 vitam
507 1358 614 1423 augendi
630 1357 720 1422 peculii
737 1374 821 1406 caussa
839 1359 988 1418 scribentis,
1009 1362 1042 1407 ita
1059 1371 1085 1408 nt
1099 1362 1208 1426 singulas

127 1445 229 1507 paginas
242 1444 343 1493 cubanti
355 1456 396 1492 aut
410 1443 500 1492 lavanti
514 1442 617 1491 domino
631 1440 790 1504 quotidianus
800 1442 884 1489 recitet
896 1442 1014 1491 adulator.
1027 1444 1161 1507 benignius
1176 1445 1207 1492 ds

127 1525 185 1586 illo,
200 1529 311 1592 quanwn
325 1528 391 1592 apud
402 1545 448 1576 nos
459 1544 558 1591 qnoque
571 1542 628 1586 reo,
642 1524 779 1572 sentimus:
793 1524 881 1585 servit,
894 1542 940 1572 neo
950 1542 1047 1589 semper
1057 1543 1113 1574 cum
1124 1526 1207 1590 digni·

128 1618 189 1670 tate,
207 1612 250 1658 sed
264 1612 313 1659 boc
324 1611 418 1659 crimen
433 1611 469 1659 illi
482 1622 518 1658 est
536 1627 592 1658 cum
606 1609 708 1657 summis
724 1609 762 1657 sni
775 1609 892 1673 temporis
906 1610 1048 1658 unctoribus
1066 1626 1206 1658 commune.

128 1694 158 1740 Et
173 1695 292 1756 qnoniam
308 1711 361 1742 non
377 1694 533 1758 propositum
550 1692 626 1740 modo
642 1703 771 1750 nostrum,
790 1692 833 1740 sed
852 1703 877 1740 et
894 1693 960 1740 vires
976 1693 1107 1741 excederet
1122 1696 1207 1743 eritius

127 1776 202 1824 totins
220 1778 303 1842 operis
324 1777 480 1840 disquisitio,
500 1793 574 1840 qnam
594 1786 650 1840 post
669 1775 830 1823 clarissimum
848 1775 964 1839 laudique
984 1793 1033 1824 suae
1052 1778 1207 1840 superiorem

128 1861 260 1909 Kreusium
275 1863 392 1924 attingere
404 1878 459 1910 nou
468 1861 600 1909 audemus:
613 1863 670 1910 satis
680 1860 780 1908 interim
790 1861 864 1909 nobis
874 1861 962 1919 inerit,
974 1878 1033 1925 paee
1043 1873 1095 1919 tua,
1107 1865 1209 1922 Lector,

127 1943 405 1991 honorificentissimum
417 1945 448 1990 de
459 1944 554 1992 Velleio
566 1945 709 2010 suffragium
719 1945 807 2010 optimi
817 1946 846 1992 in
856 1945 895 1993 bis
909 1945 983 1994 rebus
994 1945 1099 2006 judicis,
1113 1946 1136 1993 le
1145 1947 1207 2010 prd-

126 2027 208 2074 sr'deut
221 2028 339 2087 He'uault,
355 2028 402 2075 tibi
413 2028 504 2092 gallicis
517 2029 596 2093 ipsius
610 2028 692 2076 verbis
706 2044 839 2092 apponere.

166 2119 173 2143 ¹
187 2137 200 2155 e
209 2116 239 2162 le
257 2114 327 2161 viens
342 2132 374 2164 an
390 2114 483 2162 mode'le
498 2113 633 2161 inimicale
647 2114 694 2175 ,des
710 2113 836 2176 Abreges,
851 2129 918 2176 pour
931 2113 1010 2176 lequel
1023 2116 1048 2175 je
1062 2114 1156 2163 m'e'teis
1168 2115 1208 2163 re'·

40 2188 46 2200 ’
127 2219 139 2238 ι
149 2196 226 2245 serve'.
238 2197 302 2246 C'est
317 2198 422 2247 Velleius
435 2197 588 2259 Paterentur,
607 2208 646 2245 cet
658 2197 766 2245 eorivsin
779 2206 835 2261 trop
847 2214 897 2261 pen
909 2196 980 2244 venui
993 2214 1039 2261 par
1054 2197 1098 2245 des
1112 2199 1209 2247 rsisous

126 2303 138 2321 ιι
149 2279 286 2345 e'trangeres
301 2281 316 2328 i
331 2299 377 2329 sou
391 2282 480 2340 talent;
497 2292 535 2329 oet
547 2281 655 2329 e'crivain
671 2296 719 2344 que
734 2281 759 2340 je
774 2296 858 2327 neme
874 2280 934 2327 lasse
951 2280 1022 2344 point
1035 2279 1066 2327 de
1083 2280 1143 2339 lire;
1159 2299 1208 2344 qus

126 2388 138 2406 ιι
149 2381 195 2430 par
208 2367 398 2430 pressentiment
408 2366 451 2428 j’at
465 2365 558 2414 sdmire³
573 2375 639 2413 tonte
655 2381 695 2413 ma
709 2364 763 2422 vie;
780 2364 824 2426 qni
839 2363 921 2410 riunit
933 2373 989 2411 tous
1002 2363 1036 2410 les
1048 2378 1149 2426 geue-eu
1163 2366 1209 2426 qui

126 2458 186 2495 uest
198 2449 320 2498 historien
337 2450 609 2514 quoiqu'sbrevistcur3
623 2450 666 2511 qni
680 2448 743 2495 dens
757 2448 779 2495 le
794 2448 850 2511 plus
866 2447 928 2511 petlt
943 2463 1028 2512 espsee
1042 2463 1106 2495 nous
1118 2464 1133 2497 ι
1146 2464 1209 2498 eou-

125 2553 138 2574 «
149 2532 218 2579 serve'
229 2549 265 2579 un
278 2533 355 2596 mand
367 2532 472 2579 nombre
485 2530 641 2579 d'aneedotes
652 2530 728 2592 qu'on
741 2546 773 2576 ne
784 2539 870 2578 trouve
882 2530 954 2593 point
966 2530 1079 2590 silleurs,
1092 2533 1207 2594 quiedam

126 2612 240 2674 «tates,
258 2615 295 2662 dit
313 2615 429 2674 Vossius,
447 2631 503 2678 quse
518 2613 591 2662 ltuud
606 2610 670 2659 alili
682 2610 810 2670 inveniam·
829 2612 873 2675 qui
890 2612 980 2660 defend
1000 2630 1046 2661 son
1062 2613 1155 2662 leeteur
1175 2615 1207 2663 de

126 2723 137 2741 ιι
148 2698 242 2746 l'ennui
256 2697 317 2746 d'un
329 2698 418 2762 sbre'gc'
429 2715 474 2762 par
487 2698 529 2745 des
543 2694 672 2764 reflexione
685 2705 798 2754 constes,
812 2696 855 2758 qni
867 2705 924 2744 sont
937 2710 1032 2744 comme
1045 2698 1067 2745 le
1079 2698 1208 2746 corollaire

125 2806 137 2824 α
148 2782 180 2831 de
195 2783 289 2846 chaque
302 2784 461 2841 e'venement,
479 2782 543 2830 dont
559 2781 593 2829 les
604 2779 726 2845 pertraits
741 2779 888 2827 necessaires
902 2797 968 2843 pour
980 2780 1150 2844 l'iutelligenoe
1163 2781 1208 2828 des

124 2890 137 2909 ι
149 2867 203 2914 faits
214 2876 272 2915 sont
283 2878 339 2915 tons
353 2884 386 2915 en
397 2876 545 2923 ornement;
559 2862 629 2912 enfin
640 2863 765 2912 l’ecrivsin
779 2863 802 2911 le
812 2864 868 2928 plns
880 2864 991 2928 sgre'able
1002 2881 1050 2928 que
1062 2865 1113 2914 l'on
1124 2867 1208 2929 puisse

125 2975 137 2992 ι
147 2950 209 3012 lire,
223 2960 248 2999 et
260 2967 325 3014 pour
338 2961 391 2998 tout
405 2950 473 3009 dire,
488 2949 510 2996 le
524 2948 601 3013 grand
616 2947 764 2995 sdruirtteur
775 2948 919 3008 d'llomlre,
934 2950 996 2996 rnsis
1010 2959 1107 2997 snrtont
1121 2949 1152 2997 de
1165 2950 1209 2999 ct·-

125 3059 137 3077 u
148 3035 242 3098 ceron,
257 3036 365 3102 quoique
380 3035 483 3084 Cice'ron
497 3030 534 3081 bit
545 3032 713 3097 reipubliesin,
727 3042 751 3078 et
764 3048 812 3094 qne
827 3031 933 3080 Velleius
945 3029 982 3079 itit
989 3033 1131 3095 passionali
1139 3050 1211 3096 pour

126 3140 137 3159 -ι
149 3118 171 3165 le
179 3120 252 3182 parti
262 3117 449 3182 monarcltique.
458 3152 464 3165 .
473 3152 494 3166 ..
506 3118 527 3166 ll
538 3134 570 3165 en
581 3116 693 3164 ditasses
705 3132 769 3180 pour
780 3115 912 3173 instruire;
925 3131 951 3163 ss
962 3115 1086 3178 precision
1097 3130 1129 3162 ne
1139 3115 1211 3163 vient

126 3225 138 3244 ιι
149 3219 193 3267 pas
206 3204 402 3268 d’impnissance.
416 3201 438 3250 11
450 3200 512 3249 n'est
526 3217 570 3265 pas
585 3217 621 3248 nu
635 3200 722 3264 simple
737 3200 871 3257 annaliste,
888 3209 913 3247 et
929 3200 946 3246 il
963 3215 996 3246 ue
1012 3215 1117 3262 marsque
1132 3197 1146 3247 i
1159 3216 1209 3249 sou

126 3309 138 3326 ιι
149 3301 254 3351 ouvrage
268 3304 316 3351 que
329 3289 351 3335 le
365 3285 613 3338 emollientes...
628 3280 702 3332 liniin
718 3283 841 3346 l'ouvrage
855 3281 886 3328 de
903 3280 1009 3329 Velleius
1024 3280 1091 3331 suffit
1104 3280 1118 3328 l
1129 3282 1208 3346 l'spo-

126 3393 138 3412 ιι
149 3371 212 3436 logie
227 3372 270 3420 des
283 3373 381 3437 abrc'ges
395 3371 611 3435 chronologiqnes.
622 3393 634 3411 ι

159 3548 167 3572 ¹
184 3539 312 3588 ble‘rnoires
321 3541 351 3587 de
365 3539 506 3588 l’lesdimie
515 3538 595 3598 roysle
604 3536 646 3584 des
655 3538 812 3599 inscriptions
821 3546 845 3583 et
854 3538 1044 3596 uetustum,
1060 3548 1078 3585 t.
1093 3539 1209 3592 xxvttt,

128 3629 152 3674 p.
164 3611 218 3660 6ιι.
