2670 4836
256 338 323 408 DE
346 333 619 407 nvssmmo
643 336 943 403 PATERCULO.
998 343 1001 352 '
1079 361 1142 405 xxv

65 462 157 511 (imon.
166 481 180 504 n
193 462 235 508 An
250 460 337 525 igitur,
352 458 418 506 dicet
430 457 534 522 aliquis,
550 454 740 522 Atheniensium
756 470 795 502 res
811 465 889 519 gestes
905 472 980 521 opere
997 471 1042 503 sno
1058 472 1143 521 perse-

65 556 160 593 murras
170 554 221 592 erat
233 543 360 591 Velleius?
372 541 420 590 Sed
432 540 515 606 potnit
524 539 605 588 obiter
612 537 724 587 cinaeis
736 538 887 586 mentionem
898 540 988 598 lacere,
999 549 1026 586 ut
1040 538 1143 587 forsitan

66 630 93 677 de
113 627 206 676 Pericle
224 638 249 674 et
261 627 315 674 aliis
329 622 531 686 ejusdemsecnii
548 619 742 671 'Atheniensibus
759 621 893 686 proloqui,
910 638 988 685 quum
1001 622 1143 670 triumviros

65 711 142 774 legum
158 707 349 772 querendarum
361 706 473 754 Athenas
489 705 577 754 missos
594 706 695 752 reterret
705 739 713 763 ,
725 720 792 753 anno
805 707 836 752 U.
847 722 868 753 c.
881 705 953 754 COC:
968 721 1019 768 qno
1033 715 1145 769 tempore

65 803 86 840 et
99 792 191 840 Cimon
206 790 323 852 florebat,
343 800 369 837 et
381 789 485 837 Athenae
498 789 633 852 plurimum
648 799 712 835 terra
727 789 837 851 marique
855 789 993 853 pollentes,
1008 789 1116 852 primum
1131 805 1144 835 a

67 874 186 922 sommis
198 872 296 936 publice
309 871 381 920 aditae
394 882 459 919 sunt.
833 923 835 927 Ι

96 960 211 1024 Lipsius,
225 959 337 1022 quamvis
350 973 458 1005 romense
470 955 642 1004 tantummodo
656 955 767 1003 historia
777 955 898 1002 Velleium
912 955 1053 1003 incubuisse
1065 965 1144 1012 ratus,

64 1042 217 1090 existimabat
233 1043 345 1090 lacunam
364 1042 429 1090 inter
446 1051 561 1089 octavum
579 1051 603 1088 et
622 1057 719 1088 nonum
732 1040 824 1104 prioris
841 1041 898 1088 libri
916 1051 1004 1104 caput,
1025 1042 1143 1107 opinione

65 1126 139 1173 multo
152 1128 290 1187 maiorem,
303 1125 396 1189 quippe
413 1141 467 1189 quae
480 1124 555 1172 nobis
571 1125 700 1172 invidisset
714 1123 770 1188 plus
785 1122 912 1171 dimidiam
926 1123 1047 1171 Velleiani
1062 1125 1144 1187 operis

65 1219 173 1272 purtem,
187 1224 306 1256 nummos
318 1223 404 1255 omnes
418 1223 500 1272 reges,
514 1224 600 1257 omues
612 1209 726 1257 eonsules
737 1207 882 1256 tribunosre
894 1207 1011 1255 militares
1022 1224 1099 1271 nsque
1113 1208 1142 1254 ati

66 1307 157 1340 anuum
168 1293 327 1340 Duum,
338 1294 424 1354 ltaque
438 1291 516 1339 tribus
528 1308 581 1340 nou
592 1293 691 1340 duobus
703 1292 774 1339 libris
784 1291 893 1339 divisum
904 1291 978 1339 inisse
988 1300 1068 1339 totum
1081 1307 1145 1354 opus

66 1375 245 1435 arbitrabatur,
258 1391 366 1438 quornm
380 1374 483 1423 mundi
496 1377 581 1423 fuisset
591 1377 690 1424 initium
700 1374 770 1422 urbis
782 1392 795 1422 a
805 1375 882 1422 Gallis
895 1386 971 1439 captae
985 1376 1144 1439 recuperatio.

66 1458 129 1520 Sed,
143 1458 195 1506 nisi
209 1458 295 1514 nior,
311 1459 464 1521 prteeipuum
477 1467 534 1505 ante
550 1458 636 1506 oculos
650 1455 726 1504 linem
741 1455 828 1503 babuit
837 1457 946 1504 Velleius
956 1455 1050 1504 Tiberii
1060 1456 1145 1505 lauda·

68 1545 157 1591 tionem
167 1578 175 1601 ,
189 1544 222 1591 ad
233 1545 304 1604 eujus
315 1543 482 1607 principatum
492 1560 566 1608 qnam
576 1542 656 1606 potuit
670 1542 826 1606 rapidissimo
837 1558 911 1588 cursu
920 1542 1069 1605 properavit
1081 1544 1145 1606 Ergo

67 1628 146 1692 priore
157 1628 225 1676 libeo
236 1628 315 1676 secula
329 1644 374 1676 sex
387 1627 591 1692 comprehendit,
604 1627 734 1675 reservatis
745 1627 772 1672 iu
783 1626 883 1672 alterum
896 1626 970 1688 psnlo
980 1626 1036 1689 plus
1047 1637 1143 1673 centum

68 1710 152 1775 viginti
163 1710 252 1769 suuis,
266 1727 348 1757 rernm
359 1711 429 1774 copia
439 1720 462 1757 et
470 1711 602 1759 bominum
611 1709 749 1756 celebritate
760 1708 858 1772 opimis.
874 1711 930 1771 lpse
940 1706 1040 1770 quidem
1053 1708 1110 1771 (lib.
1120 1710 1133 1754 l
1138 1745 1145 1768 ,

67 1809 116 1858 esp.
129 1803 176 1851 rs,
187 1794 203 1859 ς
217 1810 227 1840 1
237 1793 247 1858 )
256 1795 346 1842 diserte
354 1794 416 1842 duas
425 1793 558 1842 voluminis
566 1804 649 1858 partes
659 1794 782 1858 agnoseit,
790 1809 879 1856 nempe
888 1792 952 1839 duos
963 1793 1045 1855 operis
1053 1792 1146 1852 libros3

68 1876 107 1923 sed
121 1877 192 1924 bunc
204 1879 286 1925 locum
300 1878 383 1925 minus
396 1877 544 1925 intellexisse
557 1870 668 1934 videtur,
685 1876 787 1924 humani
802 1874 894 1940 aliquid
908 1890 1012 1938 passus,
1032 1887 1145 1924 &terum

68 1959 129 2007 inter
143 1976 233 2007 omues
247 1960 358 2008 eruditos
371 1960 464 2021 judicio
479 1970 595 2025 praestans
608 1959 713 2023 Lipsius.

100 2045 174 2092 Prior
186 2045 262 2108 igitur
273 2045 351 2104 liber,
366 2046 436 2105 cujus
450 2045 534 2104 initia,
549 2045 664 2093 certiores
676 2060 722 2093 nos
739 2043 769 2091 de
783 2045 889 2091 auctoris
901 2044 1031 2107 proposito
1041 2043 1146 2102 sactum,

68 2128 161 2175 utinm
173 2138 294 2175 vetustate
308 2144 361 2176 non
374 2129 572 2176 intercidissent!
589 2128 620 2176 de
633 2129 716 2193 grecis
729 2128 848 2185 coloniis,
862 2127 893 2175 de
906 2128 1014 2190 antiquis
1025 2127 1089 2173 Asiae
1099 2126 1145 2173 do.

70 2212 262 2271 minationibus,
282 2212 313 2260 de
330 2212 446 2261 ludomm
464 2212 639 2277 Olympiorum
655 2212 765 2274 origine,
784 2211 885 2274 aliisque
906 2222 1044 2275 temporum
1063 2210 1147 2265 metis,

70 2295 221 2360 sliqnantnm
235 2297 394 2361 exspatiatus,
408 2314 454 2362 per
465 2298 533 2344 bunc
544 2295 673 2342 circuitum
685 2293 716 2340 ad
728 2294 798 2341 urbis
811 2297 896 2342 Rome
909 2294 1030 2342 cunabula
1042 2308 1087 2339 nos
1099 2292 1147 2337 cir-

69 2381 181 2444 cumagit.
195 2379 259 2428 Inde
269 2379 319 2428 nisi
329 2392 500 2429 sexcentomm
515 2382 565 2428 sere
578 2394 700 2427 anuomm
715 2395 753 2426 res
763 2389 834 2442 gestae
847 2380 939 2427 misero
952 2394 1009 2424 casu
1019 2377 1147 2436 abessent,

69 2473 178 2510 secutam
191 2473 243 2510 erat
255 2479 333 2526 usqne
345 2464 375 2511 ad
389 2465 491 2512 secundi
506 2464 564 2511 libri
578 2472 603 2511 et
614 2464 690 2511 totius
702 2463 784 2527 operis
795 2461 871 2511 finem
888 2477 993 2510 romane
1010 2460 1148 2525 reipublice

69 2556 93 2593 et
104 2548 282 2612 imperatorum
296 2547 401 2611 Augusti
414 2548 556 2612 'liberiiqne
569 2547 681 2595 historia}
695 2547 812 2594 Ultimum
823 2556 933 2611 partem,
946 2561 1000 2609 quae
1011 2544 1064 2592 sola
1079 2544 1148 2592 inco-

69 2627 139 2676 lumis
154 2639 281 2693 superest,
295 2629 386 2678 claudit
399 2630 487 2690 Livia,
500 2630 593 2678 Tiberii
608 2630 707 2689 matris,
722 2630 818 2690 obitus,
833 2631 875 2694 qui
889 2629 981 2677 Vinicii
995 2627 1147 2677 consulatum

69 2721 92 2758 et
101 2712 183 2775 ipsum
195 2712 284 2760 Velleii
295 2728 359 2777 opus
367 2730 420 2761 uno
432 2723 526 2761 tentum
537 2730 603 2762 anno
614 2724 777 2780 precesserat.

102 2797 195 2844 Prioris
211 2795 269 2844 libri
282 2795 360 2845 linem
375 2797 406 2845 ab
424 2798 522 2845 alterius
536 2798 608 2846 initio
625 2798 740 2846 distinxit
758 2797 866 2845 Velleius
882 2798 980 2846 duobus
994 2797 1149 2860 fragmentis,

70 2893 175 2940 quorum
187 2895 267 2926 unnru
277 2879 308 2927 de
320 2879 428 2929 coloniis
439 2881 565 2941 romanis,
579 2883 681 2929 minime
692 2881 723 2930 ab
734 2881 842 2930 historiae
855 2882 948 2930 ratione
959 2881 1083 2939 dunum,
1097 2895 1149 2927 non

71 2961 219 3010 mediocrem
230 2962 357 3010 utilitatem
369 2962 448 3010 attulit
458 2962 498 3010 his
508 2964 551 3026 qui
563 2964 627 3011 eirca
638 2981 753 3013 romanas
763 2966 871 3029 origines
883 2965 992 3012 laborem
1003 2963 1151 3011 doctrinam·

72 3061 199 3108 queamus
213 3046 388 3095 intenderunt:
403 3046 506 3094 altemm
523 3045 554 3093 de
571 3047 676 3096 literaria
688 3049 771 3112 potins
782 3065 856 3112 qusm
871 3049 988 3097 historica
1002 3048 1148 3111 questione,

73 3129 161 3176 seilicet
172 3129 206 3176 de
217 3132 316 3176 summis
330 3131 354 3177 irs
369 3145 419 3176 sero
435 3146 533 3193 quoque
542 3147 634 3195 genere
645 3132 751 3196 ingeniis
765 3132 843 3198 vulgo
856 3132 924 3180 circa
938 3131 1023 3180 eadem
1036 3143 1149 3194 tempora

72 3213 272 3277 congruentibus,
285 3213 349 3261 nihil
361 3212 428 3260 aliud
439 3224 476 3260 est
487 3228 561 3277 qnam
570 3214 652 3262 verbis
661 3216 790 3280 turgidus,
804 3215 878 3263 rebus
889 3217 984 3275 innuis,
998 3231 1043 3263 neo
1055 3216 1151 3279 integer

73 3295 185 3355 sortasse,
201 3295 270 3342 loeus
285 3295 432 3352 communis;
450 3297 556 3360 scriptus
570 3307 598 3344 ut
613 3297 725 3358 videtur,
742 3299 853 3347 oouiecto
867 3299 918 3359 iam
934 3314 1023 3362 opere,
1037 3314 1068 3346 ex
1082 3315 1149 3346 com·

74 3379 225 3428 menteriolis
238 3381 331 3443 aliquot
344 3397 357 3428 a
370 3380 465 3428 Velleio
480 3383 544 3428 inter
556 3381 687 3445 pugillares
702 3400 759 3431 suos
773 3384 882 3448 repertis.

106 3467 197 3513 Totum
207 3481 285 3530 opus,
296 3482 443 3530 quamquem
457 3466 566 3529 neglecto
578 3466 679 3530 sepius,
693 3467 818 3515 interdum
830 3467 938 3516 affectato
950 3467 1049 3515 dicendi
1060 3481 1148 3531 genere

75 3550 238 3612 eouseriptum
246 3586 254 3609 ,
263 3551 387 3614 Augustea
396 3550 530 3614 presertim
540 3547 657 3596 latinitate
669 3550 861 3598 commendetur.
872 3552 930 3599 Alio
939 3567 1037 3616 qnoque
1048 3551 1150 3598 nomine
1189 3537 1193 3549 ’

75 3630 104 3678 ‹le
117 3633 213 3681 curiosa
229 3649 311 3681 rernm
328 3634 483 3698 antiquarum
495 3632 636 3696 posteritate
650 3632 752 3692 meruit,
770 3633 837 3696 quod
852 3651 938 3683 eornm
951 3635 1074 3699 precipue
1089 3644 1150 3681 tem·

75 3730 162 3777 porum
171 3716 231 3763 fecta
241 3716 372 3777 desmibit,
386 3717 414 3764 in
424 3716 514 3779 quibus
525 3715 632 3763 msxime
643 3713 790 3763 deficiebant
799 3718 887 3766 auxilia
897 3728 1045 3767 eeteromm.
1056 3717 1152 3766 Auctor

75 3799 125 3861 ipse
141 3799 266 3864 plerisque
282 3817 405 3863 presens,
425 3801 451 3848 in
471 3801 501 3849 iis
519 3817 574 3865 quse
592 3800 758 3856 adulationem
776 3816 828 3850 non
849 3803 977 3861 redolent,
994 3803 1151 3867 gravissimus

76 3883 140 3929 testis
153 3892 179 3929 et
192 3881 241 3930 lide
254 3883 412 3948 dignissimus
425 3894 468 3931 est
481 3885 574 3932 Paucos
591 3885 660 3933 ineo
676 3885 835 3949 reprehendit
849 3903 944 3936 errores
955 3904 1028 3953 sagsx
1041 3886 1150 3934 emdito·

76 3982 128 4013 rnm
142 3967 312 4031 investigati03
328 3984 436 4031 qnorum
453 3985 509 4032 pars
527 3968 552 4016 in
572 3968 669 4017 minimi
684 3970 803 4017 momenti
823 3970 896 4018 rebus
912 3984 1037 4032 versatur,
1052 3971 1150 4019 festina-

76 4049 136 4097 tioni
149 4049 280 4098 scribentis
295 4050 455 4116 imputands3
468 4066 523 4114 pars
536 4052 632 4100 luentia
645 4052 754 4108 librarii,
771 4070 846 4117 quum
861 4070 925 4101 unus
939 4056 1017 4103 codex
1031 4051 1148 4116 supersit,
