2648 4838
179 337 233 417 slij
451 334 677 399 NOTITIA
698 336 987 401 LITERARIA

178 454 302 502 exsmiuat
314 453 402 500 tradita
415 469 428 500 e
442 454 477 501 rei
491 464 679 516 temporumque
693 453 805 510 ratione,
818 468 921 517 queque
935 453 1031 500 veritati
1044 454 1082 501 vel
1093 464 1260 503 consentanea

178 548 252 596 sunt,
266 539 304 586 vel
315 536 447 602 proxima,
465 537 636 602 amplectitnr;
649 540 720 598 enjus
735 536 772 583 rei
784 536 935 585 luculentum
945 537 1085 601 exemplum
1100 547 1179 585 exstat
1193 541 1223 599 l,
1236 556 1258 600 7.

178 622 275 671 Deinde
284 622 389 669 aliorum
399 623 547 685 scriptorum
557 658 565 682 ,
578 623 620 685 qui
631 638 691 669 sero
702 622 811 671 emendo
821 657 830 681 ,
841 638 919 685 quum
928 632 1044 687 possent,
1055 638 1156 686 operam
1166 623 1260 672 nullam

178 705 317 765 dederunt,
337 706 459 754 levitatem
477 707 591 770 castigat,
609 708 651 765 ll,
671 706 713 753 5³.
731 706 844 769 Denique
858 708 885 754 in
897 706 1045 770 scriptorum
1059 705 1091 753 de
1109 706 1196 754 eadem
1216 725 1260 767 re,

176 804 254 852 eaque
268 805 321 837 non
337 789 480 848 manifesta,
499 789 680 854 discrepantis,
697 806 729 838 ne
746 789 865 854 praecipiti
881 789 978 850 judicio
996 805 1042 837 sno
1059 789 1123 837 fallat
1139 788 1261 852 lectores,

177 872 318 923 diversitate
332 876 510 923 sententiarum
524 885 607 924 notata
620 874 649 921 in
661 873 745 922 medio
757 890 810 921 cem
824 873 957 935 relinquit3
972 873 1023 920 vid.
1036 874 1077 930 ll,
1093 888 1138 931 ss,
1156 889 1204 934 υ,
1217 875 1259 931 ld.

177 956 240 1017 Qun
254 957 337 1005 omnia
350 967 407 1005 sunt
418 958 544 1022 scriptoris
557 957 631 1022 probi
642 968 666 1005 et
678 958 787 1006 veritatis
797 956 919 1015 studiosi3
933 973 1032 1019 neque,
1045 956 1118 1004 talem
1127 972 1155 1004 se
1166 957 1193 1004 in
1206 957 1260 1005 reli·

177 1038 247 1102 quis,
259 1055 313 1102 quat
324 1039 411 1087 tradita
422 1038 452 1086 sb
463 1040 604 1089 unctoribus
615 1039 740 1097 retulerit,
754 1040 872 1104 gessisse,
885 1038 1051 1102 improbabile
1064 1049 1118 1099 est,
1132 1049 1160 1086 nt
1173 1040 1202 1087 in
1212 1040 1259 1101 iis,

177 1137 231 1186 quse
246 1138 259 1168 a
276 1122 425 1186 scriptorum
442 1122 523 1171 adhue
540 1122 688 1171 exstantium
706 1123 854 1171 testimoniis
873 1123 973 1171 dissona
990 1120 1133 1181 tradiderit,
1152 1122 1259 1170 aliorum

177 1203 363 1268 deperditormn
377 1205 543 1261 mirationem
552 1204 617 1255 bens
630 1205 782 1270 exploratam
795 1206 892 1269 sibique
904 1206 1032 1270 probsum
1042 1215 1140 1253 secutus
1151 1222 1206 1254 esse
1220 1206 1258 1253 vi·

177 1285 271 1334 dentur.

212 1370 238 1416 si
251 1386 315 1417 vero
325 1368 387 1418 fides
398 1370 487 1418 Velleii
500 1386 532 1418 ex
542 1386 599 1419 vera
609 1370 725 1419 tradendi
737 1371 847 1419 facultate
856 1368 998 1421 utimnds
1008 1381 1060 1430 est,
1074 1371 1121 1419 alia
1132 1386 1193 1420 sane
1204 1373 1258 1432 ejus

177 1462 213 1500 est
224 1453 287 1500 ratio
301 1454 328 1503 in
342 1453 476 1517 antiquiori
489 1470 572 1503 rerum
585 1455 719 1514 memoria,
730 1454 777 1503 slia
789 1454 817 1501 in
827 1455 874 1503 evi
886 1455 926 1502 sui
937 1454 1048 1503 historia.
1059 1453 1100 1501 sd
1113 1453 1178 1501 banc
1189 1455 1257 1501 enim

177 1536 246 1599 qnod
263 1537 367 1597 attinet,
384 1539 482 1602 aequalis
498 1548 536 1586 est
548 1555 631 1589 rerum
645 1549 767 1603 gestarum
784 1538 844 1587 inde
857 1555 871 1586 a
883 1539 912 1587 C.
929 1539 1047 1597 weris,
1060 1538 1177 1602 Agrippn
1192 1538 1257 1599 lilii,

176 1617 254 1667 initiis
268 1620 325 1683 (ll,
341 1619 419 1684 ror),
433 1637 566 1685 earumque
580 1621 694 1685 plurimis
707 1621 825 1669 interfuit.
836 1622 904 1683 Quas
917 1636 977 1669 veru
991 1637 1029 1668 res
1042 1621 1096 1684 ipse
1109 1636 1163 1667 non
1176 1617 1257 1680 aldit,

176 1718 216 1749 eas
228 1703 338 1766 cognitas
348 1703 439 1753 habere
452 1705 533 1769 potuit
546 1705 631 1762 abiis,
645 1703 689 1767 qui
700 1704 852 1767 temporibus
866 1704 1046 1760 interfuerunt,
1060 1719 1141 1767 usqne
1155 1705 1257 1768 exiguae

176 1802 258 1834 rerum
272 1798 354 1850 partes
367 1798 486 1852 egerunt,
500 1805 524 1836 v.
535 1806 557 1836 c.
568 1805 583 1835 s
593 1789 698 1837 Viniciis
710 1789 826 1854 aliisque,
840 1790 884 1853 qni
896 1790 923 1837 in
936 1789 1003 1837 bello
1017 1789 1146 1837 delmatiso
1163 1799 1187 1836 et
1203 1806 1257 1854 gen

176 1871 279 1917 manicis
289 1871 470 1931 militaverunt,
485 1888 528 1921 ose
539 1872 646 1922 traditae.
657 1875 715 1935 Quo
725 1875 813 1921 laetum
823 1883 875 1931 est,
889 1883 916 1921 nt
925 1872 1049 1933 Velleius,
1059 1872 1099 1920 bis
1110 1872 1256 1933 narrandis,

176 1951 253 2001 multa
263 1953 411 2016 singularia,
425 1971 480 2017 quse
491 1954 545 2002 aliis
555 1971 608 2005 nou
618 1956 796 2013 innotuerunt,
813 1957 879 2007 solus
896 1956 989 2005 referat.
1005 1956 1181 2004 Proximosum
1195 1971 1256 2004 vero

175 2034 280 2097 Augnsu'
296 2044 452 2099 temporum,
468 2053 522 2100 quse
535 2048 629 2087 autem
644 2039 722 2102 ipsius
734 2039 899 2103 superabant,
912 2039 1056 2087 memoriam
1070 2054 1219 2102 pernoscere
1232 2039 1256 2087 ei

175 2119 259 2178 licuit,
272 2121 353 2169 velex
365 2138 469 2183 eorum,
483 2124 527 2188 qui
537 2140 619 2171 rerum
630 2134 682 2173 tum
693 2135 816 2189 putatum
827 2124 907 2182 sosii,
920 2125 1058 2184 adjutores,
1072 2134 1095 2170 et
1106 2135 1256 2188 speculares

175 2205 292 2266 fuerunt,
307 2207 362 2254 viva
373 2208 530 2267 narratioue;
541 2210 580 2257 tel
591 2226 622 2257 ex
634 2210 779 2259 eorundem
790 2209 874 2257 tsliuaa
885 2207 1019 2271 operibus,
1033 2224 1057 2255 v.
1069 2223 1090 2255 c.
1103 2224 1135 2256 ex
1149 2208 1256 2273 Augusti

174 2288 252 2353 ipsius
263 2291 294 2340 de
307 2291 357 2341 sits
370 2308 413 2340 sua
423 2293 505 2353 libro,
519 2310 593 2358 quem
604 2294 687 2343 landst
698 2297 722 2343 11
733 2330 741 2353 ‚
756 2296 790 2356 59
800 2329 807 2353 ‚
820 2309 852 2341 ex
862 2292 1005 2341 Maenius
1017 2291 1047 2340 dc
1060 2290 1136 2339 rebus
1149 2292 1256 2356 Augusti

174 2388 266 2438 opere,
283 2392 316 2424 ex
331 2377 414 2427 Asinii
432 2378 551 2427 Pollionis
564 2378 685 2427 bellorum
702 2377 811 2426 civilium
823 2375 941 2434 bistoria;
959 2375 997 2423 rel
1011 2393 1043 2424 ex
1056 2376 1181 2423 historicis
1196 2375 1255 2425 buin

173 2458 237 2504 retati
246 2458 382 2520 proximis,
396 2461 440 2522 qni
450 2459 494 2507 bas
505 2477 543 2507 res
554 2470 749 2524 pertractarunt,
762 2477 785 2507 v.
796 2478 817 2510 c.
827 2477 859 2508 ex
866 2460 954 2519 livio,
966 2459 1009 2522 qui
1018 2458 1049 2506 ad
1060 2459 1134 2507 Drusi
1145 2460 1255 2508 Neronis

173 2536 269 2586 obitum
280 2539 407 2588 historiam
418 2558 487 2591 stram
500 2552 643 2606 persecutus
655 2553 706 2602 est,
720 2552 744 2589 et
758 2560 790 2591 ex
803 2543 922 2591 Cremutii
932 2542 1024 2599 sunu,
1036 2542 1080 2605 qni
1091 2541 1139 2589 snb
1151 2542 1253 2590 'liberio

173 2624 272 2688 scripsit
288 2625 575 2690 (Tan-Ann.1V,36),
588 2627 724 2676 annalibus.
735 2628 773 2675 Ex
786 2626 884 2676 illorum
898 2626 1027 2690 aequalium
1040 2628 1167 2690 Augusto,
1180 2627 1253 2690 eique

173 2704 384 2756 deditissimum
396 2709 515 2773 operibus
526 2709 592 2757 baud
608 2709 683 2760 dubie
695 2726 781 2775 magna
795 2727 851 2774 pars
861 2710 956 2767 laudis,
973 2725 1020 2772 qua
1033 2710 1172 2774 principem
1182 2710 1254 2758 illum

72 2794 76 2804 '
173 2799 261 2848 orsu,
274 2789 385 2852 fauisque
399 2792 459 2841 aulae
474 2792 501 2839 in
516 2793 605 2841 Vclleii
619 2793 696 2840 libros
710 2793 882 2857 promanavit,
895 2792 1064 2855 nonnullaque
1078 2791 1136 2841 inde
1151 2791 1253 2841 fluxisse

173 2873 302 2934 ridentur,
313 2891 368 2937 quse
377 2876 444 2939 apud
455 2877 517 2930 nlius
526 2876 594 2925 baud
605 2877 706 2937 tradita,
716 2878 755 2926 vel
764 2878 846 2937 aliter,
857 2878 1026 2928 inveniuntur.

207 2958 239 3005 ln
249 2957 417 3021 antiquiorum
428 2969 508 3007 antem
519 2969 657 3024 temporum
669 2962 788 3009 memoris
799 2960 862 3010 lides
872 2963 958 3011 Nostri
966 2972 1060 3012 onustat
1068 2978 1100 3010 ex
1109 2972 1253 3024 suetorum,

172 3058 234 3104 quos
244 3053 341 3090 secutus
352 3054 405 3101 est,
419 3042 549 3106 probitate.
561 3046 614 3090 Hos
624 3054 704 3091 autem
714 3062 836 3109 nusquam
845 3047 1006 3105 monstravit,
1020 3057 1108 3110 praeter
1120 3046 1253 3104 Catonem,

171 3140 245 3188 quem
261 3126 293 3173 de
308 3142 336 3174 sa
350 3127 432 3175 Italica
448 3136 472 3174 et
486 3136 554 3174 aetste
567 3126 656 3190 Capua
673 3127 743 3176 urbis
758 3130 868 3177 confutat
882 3132 911 3190 1,
930 3147 961 3190 7,
979 3140 1003 3177 et
1022 3129 1200 3189 Hortensium,
1220 3129 1253 3177 sd

171 3211 243 3270 cujus
260 3211 359 3263 annales
373 3211 463 3276 relegat
475 3212 517 3271 ll,
534 3213 573 3260 16.
591 3210 639 3259 Sed
656 3211 763 3261 alienum
780 3229 795 3260 a
810 3212 982 3276 probabilitate
995 3223 1114 3274 nonest,
1128 3213 1252 3261 Velleiuns

171 3293 199 3341 in
213 3291 288 3341 rebus
302 3294 429 3355 mmonr's,
448 3311 511 3358 quos
526 3294 555 3343 in
569 3310 644 3358 opere
658 3311 703 3343 suo
718 3294 775 3359 (11,
789 3310 805 3357 9
821 3305 845 3343 et
864 3294 911 3359 36)
927 3294 1010 3343 lsndst
1022 3295 1156 3343 historicos
1168 3311 1252 3360 popu·

170 3376 248 3438 lares,
262 3394 306 3425 eos
316 3378 430 3427 babuisse
444 3381 557 3443 cognitos
568 3389 640 3442 atque
652 3379 823 3439 consuluisae,
836 3395 860 3425 v.
871 3395 892 3427 c.
904 3377 1052 3439 Sisennam,
1067 3377 1181 3439 celius,
1197 3383 1253 3426 Ass·

169 3460 304 3526 tipatrars,
324 3463 440 3511 Rutilium
455 3461 562 3528 Rufum,
582 3463 710 3512 Claudium
730 3461 942 3527 Quadrigarium,
961 3461 1087 3511 Valeriana
1106 3460 1251 3522 sautum,

169 3560 221 3609 pne
232 3545 325 3595 ueteris
333 3546 474 3595 Sallustium
485 3558 510 3595 et
520 3546 631 3608 Ιλνὺιηις
645 3548 714 3597 illum
727 3548 829 3612 quidem
840 3564 892 3597 nun
906 3547 988 3597 solam
998 3546 1029 3595 ds
1039 3545 1179 3596 cunm·
1189 3562 1254 3594 eon·

168 3628 291 3691 iuratione
302 3639 326 3678 et
336 3629 366 3679 ds
377 3629 442 3679 bello
450 3632 618 3696 iugurthino,
629 3631 673 3681 sed
684 3633 758 3681 etiam
768 3631 800 3681 de
808 3631 909 3694 reb'quis
919 3629 1008 3689 rebus,
1022 3627 1251 3692 qnasdepssditnsu

169 3710 236 3760 illius
245 3728 310 3776 opus
316 3713 531 3781 'complectebatun
543 3717 605 3765 Num
615 3727 746 3779 utrumque
756 3714 895 3779 principata
903 3712 1078 3761 historicorum
1089 3726 1252 3761 romanorum

168 3797 257 3860 sepius
273 3798 305 3846 sd
319 3799 397 3848 rerba
418 3800 467 3848 lere
485 3817 563 3864 usque
577 3802 704 3865 expressit.
723 3802 811 3848 Praeter
829 3798 876 3845 bos
890 3796 963 3845 etiam
980 3797 1042 3845 alios
1057 3806 1187 3854 suctores,
1207 3797 1251 3860 qui

168 3895 251 3929 rernm
262 3884 309 3930 esi
321 3885 360 3932 sni
370 3894 451 3948 partes
463 3894 583 3948 egerunt,
599 3895 623 3933 et
636 3895 688 3932 seta
701 3900 715 3932 a
726 3899 752 3932 se
765 3883 843 3931 literis
855 3881 1049 3945 consignarunt,
1063 3879 1209 3929 adhibuisse
1223 3880 1251 3926 in

167 3978 228 4012 usus
238 3981 296 4014 suos
311 3966 423 4025 videtur,
438 3983 461 4014 v.
475 3984 497 4014 c.
513 3967 636 4015 Ciceronis
650 3968 756 4031 scripta,
768 3966 883 4031 inprimis
897 3966 1038 4023 orationes,
1050 3963 1212 4026 ejusdemque
1227 3973 1252 4011 et

167 4049 296 4113 aqueum
314 4051 448 4115 epistolas,
465 4050 568 4099 forsitan
586 4066 684 4116 quoque
702 4062 727 4099 et
743 4062 794 4101 acts
814 4052 956 4116 tabulasque
969 4050 1102 4115 publicas,
1117 4049 1205 4099 saltem
1219 4048 1252 4098 ab
