2670 4836
258 317 326 381 DE
348 314 633 381 C.VELLEIO
657 260 975 382 PATERCUbO.
1083 323 1151 387 xlix
1238 268 1243 273 θ
1283 314 1288 323 ’

76 436 178 502 prime,
194 450 272 498 esque
288 412 436 498 deprrrstr,
450 443 473 480 et
485 434 610 493 Iuntina,
623 435 692 495 cujus
706 433 766 481 vitia
779 436 954 499 typographica
967 436 1029 485 sdeo
1041 439 1154 502 repetiit,

75 532 102 568 et
116 520 235 568 editionis
250 518 412 576 Busileeusis,
428 517 457 564 in
470 517 530 564 locis
538 516 644 580 ‚quidem
662 517 769 576 vexatis,
785 527 809 564 et
822 534 854 564 ex
867 519 962 565 Burerii
974 535 1154 583 nonnunquam

77 613 102 649 et
120 603 171 650 suis
187 602 267 665 ipsius
283 599 449 660 ooujeeturis,
466 615 522 647 nro
539 600 704 658 felicioribus,
724 616 903 663 nonnunquam
921 604 1072 664 temerariis,
1092 604 1154 652 adeo

79 686 211 735 erroribus.
221 689 253 734 ln
263 685 329 732 notis
339 684 410 741 alias,
420 684 566 747 plerumque
575 684 669 748 ineptus
678 695 751 747 atque
762 684 874 732 indoctus
882 687 1048 748 conjectures,
1059 687 1091 735 sb
1102 689 1155 736 iliis

79 770 170 819 deinde
182 769 274 817 merito
288 769 430 832 utigitur,
447 769 585 833 proposuit
598 770 693 815 Tamen
709 768 773 814 inter
789 768 833 814 bas
849 768 925 816 felicia
942 786 1040 833 quoque
1055 771 1156 819 invente

78 857 189 922 protulit.
198 857 290 903 Prtter
298 869 421 902 annorum
434 870 552 902 numeros
560 854 592 900 de
603 854 749 902 nominibus
762 855 870 918 propriis
881 856 1038 904 restituendis
1049 858 1156 905 maxime

81 940 183 988 merim
201 949 247 986 est.
262 938 360 985 Velleio
376 937 525 1001 expliorndo
542 940 635 997 etiam,
656 938 699 985 sed
716 938 796 985 obiter
814 948 838 985 et
855 955 943 1002 perus,
962 956 1063 1005 operum
1080 941 1157 989 dedit.

82 1023 196 1086 Denique
211 1022 236 1068 ei
248 1021 368 1069 debrmm
379 1024 448 1069 Petr.
462 1021 589 1083 Delbem'i,
605 1021 672 1068 docti
684 1031 708 1068 et
720 1023 784 1068 acuti
800 1020 975 1083 adolescentis,
990 1026 1158 1085 conjectures,

79 1108 136 1157 lieet
148 1105 316 1170 producimus.

85 1246 159 1295 1588.
177 1247 322 1303 Vnum,
340 1259 397 1290 cum
415 1241 518 1290 dirersis
535 1240 646 1289 looorum
665 1242 808 1305 scripturis,
827 1243 854 1290 in
871 1252 939 1291 toruo
956 1244 1038 1307 primo
1055 1243 1161 1307 scripto·

207 1296 385 1375 rumblstoriae
397 1340 519 1384 romane,
532 1341 546 1371 s
557 1323 626 1371 trid.
641 1325 768 1388 Sylburgio
783 1325 907 1374 editorum
919 1327 1081 1391 Francosurti
1093 1327 1161 1391 apud

210 1408 328 1472 Weclei,
342 1408 425 1456 in·lol.

117 1508 226 1555 'textum
240 1522 255 1554 s
268 1504 482 1570 typogrrphorum
494 1504 604 1553 Juntine
617 1514 642 1550 et
655 1502 752 1550 Aldine
765 1504 831 1551 vitiis
845 1517 991 1569 purgatum,
1006 1516 1031 1552 et
1043 1506 1163 1554 editionis

85 1610 121 1657 pr.
130 1604 156 1639 et
166 1591 376 1640 oodicislectione
390 1601 516 1648 revocate,
531 1589 723 1651 Besileeusisque
737 1587 839 1637 editoris
851 1591 1002 1637 correctione
1015 1589 1164 1653 prudentius

86 1685 198 1739 reorpts,
213 1672 409 1721 emendatiorem
423 1671 492 1720 dedit
508 1671 672 1737 Sylburgius:
692 1672 745 1736 ipse
761 1687 821 1719 vero
837 1671 868 1718 de
885 1673 1004 1736 scriptore
1022 1671 1163 1736 castigando

84 1777 172 1825 perum
184 1759 289 1806 meritus
302 1768 346 1804 est.

90 1896 163 1957 1589.
181 1895 243 1941 Iac.
256 1890 389 1954 &iegitur
399 1892 535 1938 Vnmrurr
545 1907 559 1938 t
570 1906 596 1937 se
608 1891 756 1938 recensitum
766 1907 823 1938 oum
836 1890 902 1938 uotis
917 1891 979 1938 Aldi
988 1902 1014 1937 rt
1025 1890 1075 1939 suis
1086 1890 1165 1940 edidit

210 1973 373 2036 Froucrrsurtr'
385 1972 452 2037 rpud
467 1971 568 2023 Weclel
575 2008 583 2032 ,
597 1973 681 2020 inqu.

121 2075 184 2136 Qu:
198 2073 277 2120 editio
290 2079 327 2118 est
338 2070 470 2117 rarissima.
484 2067 619 2132 Scheglius
633 2067 741 2115 editione
756 2067 871 2116 llbeuaui
883 2106 889 2127 ,
903 2069 1084 2129 Bouhommaei,
1099 2063 1166 2117 Busi-

87 2157 195 2213 lrensis,
210 2154 286 2214 Aldi,
304 2165 327 2201 et
341 2152 488 2211 conjecturis
504 2150 614 2213 Sigonii,
632 2150 753 2208 Paterni,
772 2151 848 2214 Lipsii
866 2162 889 2198 et
903 2153 988 2199 Ursini
1002 2169 1074 2214 usus,
1089 2153 1167 2200 textui

88 2240 197 2287 modeste
208 2236 340 2302 purgando
350 2245 375 2283 et
385 2233 541 2282 emendando
556 2232 663 2289 studuit,
678 2233 755 2279 rarius
766 2243 845 2279 autem
858 2235 910 2296 ipse
920 2250 967 2297 pro
980 2233 1171 2295 modestinus,

88 2341 135 2387 qus
149 2323 235 2386 Lipsio
248 2336 274 2369 se
288 2319 423 2367 admodum
436 2317 567 2383 probm't,
581 2317 609 2371 in
622 2316 687 2363 notis
698 2316 791 2378 aliquid
802 2317 912 2363 tentarit.
924 2317 1023 2365 studuit
1033 2333 1132 2381 quoque
1143 2327 1169 2366 et

87 2406 205 2454 dictionis
218 2414 244 2452 et
257 2419 341 2451 rerum
354 2401 559 2466 interpretationi.

92 2530 165 2592 1590.
186 2526 287 2575 Volent.
303 2522 444 2582 Acidalius,
459 2520 660 2579 witstockiensis,
673 2521 701 2590 in
715 2522 802 2569 itinere
817 2539 862 2586 per
876 2522 971 2570 Italiam
986 2523 1063 2580 facto,
1078 2523 1168 2588 Sebeg·

212 2610 315 2659 kiamm
331 2607 466 2655 editionem
483 2615 586 2664 nactus,
604 2605 756 2651 Paterculum
775 2606 955 2653 emendandum
974 2621 1099 2669 eggressus
1117 2616 1170 2668 ert,

213 2709 320 2756 eumque
335 2690 483 2738 recensitum
499 2706 554 2736 cum
569 2691 775 2737 Vnumrmruu
793 2691 928 2739 lectionum
945 2691 1009 2739 libro
1024 2692 1102 2738 edidit
1116 2695 1168 2740 Pa·

212 2777 274 2824 savii
285 2775 352 2840 apud
366 2774 440 2823 Paul.
455 2773 594 2838 trejectum,
608 2774 691 2818 in-n.

123 2871 268 2929 Aeidslius,
285 2871 363 2919 bomo
381 2869 468 2916 doctus
482 2878 506 2915 et
519 2877 621 2925 acutus,
637 2867 664 2912 in
678 2866 774 2930 scriptis
793 2867 863 2914 libris
879 2867 989 2930 legendis
1007 2868 1168 2931 exercitetur,

91 2966 185 3004 textum
195 2953 377 3017 Sebegkiauum
390 2952 480 3015 passim
492 2951 604 3014 priorum
615 2949 762 2997 Critieorum
775 2952 939 3009 conjecturis,
952 2966 1132 3012 nonnunquam
1144 2960 1169 2998 et

90 3041 156 3098 suis,
167 3053 274 3102 querum
285 3046 367 3083 oertus
376 3046 442 3094 erat,
456 3034 587 3081 emendare
599 3044 700 3081 conatus
710 3043 754 3079 est.
764 3033 881 3096 Inprimis
892 3048 944 3079 non
954 3032 1034 3080 solum
1045 3032 1169 3081 editorum

90 3122 151 3169 vitio
165 3121 267 3169 obtrusa
278 3117 389 3177 Velleio,
409 3116 452 3164 sed
470 3117 541 3164 etium
559 3115 603 3162 elin
622 3116 704 3178 spuria
718 3126 742 3161 et
755 3125 866 3178 suspecta
880 3116 1008 3178 expunxit
1024 3114 1095 3160 Plura
1109 3130 1169 3163 vero

90 3207 187 3270 egregie
198 3206 315 3262 inreuu,
328 3201 418 3264 quibus
431 3202 541 3264 Lipsinm
553 3200 616 3248 rdeo
627 3201 771 3263 occupavit,
785 3210 809 3246 et
820 3200 920 3263 optimis
932 3178 1028 3247 Criticis
1040 3199 1169 3263 ingenium

91 3305 165 3337 sunm
183 3299 208 3336 et
221 3286 357 3335 doctrinam
371 3286 502 3350 probrvit,
516 3285 620 3333 contulit
634 3286 662 3331 iu
676 3285 802 3345 medium,
818 3284 933 3332 laborans
947 3285 1054 3332 maximo
1072 3286 1103 3333 de
1117 3285 1170 3334 dit·

90 3376 160 3422 tione
173 3372 299 3423 Velleinnr
312 3370 462 3419 restituenda
476 3382 501 3417 et
513 3368 663 3416 illustranda.

95 3520 172 3582 ¹⁵9¹·
189 3518 330 3573 Vumus,
344 3531 400 3563 cum
413 3512 670 3562 animadversionibus
683 3516 708 3561 Ι.
721 3511 808 3574 lipsii,
823 3513 888 3575 typis
901 3512 1066 3578 llaplelengii
1074 3514 1154 3564 ira-8⁰.

129 3611 271 3661 efflatum
284 3612 382 3675 exospit
394 3611 459 3658 inter
471 3609 579 3656 editores
593 3608 713 3656 Prterculi
727 3608 812 3654 Justur
826 3608 935 3671 lipsius,
949 3609 989 3654 vir
1000 3624 1093 3671 mrgnte
1105 3625 1173 3673 sagr·

93 3701 192 3759 citetis,
208 3699 322 3748 sollertia
338 3707 363 3746 et
381 3698 545 3758 eruditionis,
563 3698 673 3761 praeeirri
687 3696 771 3745 Critiei
785 3696 924 3760 exemplar,
942 3696 974 3743 iu>
982 3696 1074 3745 Nostro
1088 3713 1175 3744 emeu-

93 3783 182 3832 dendo
194 3799 221 3831 se
237 3783 294 3847 ipso
309 3783 379 3846 qussi
397 3781 520 3844 superior.
539 3783 563 3826 ls
580 3779 795 3827 emendationibus
812 3778 984 3842 compluribus
1000 3780 1028 3826 iu
1048 3779 1175 3842 prioribus

95 3867 194 3930 seriptis
210 3877 282 3915 entes
299 3867 446 3931 propositis,
459 3876 484 3912 et
498 3864 594 3912 Velleio
612 3861 710 3927 publice
729 3863 884 3910 auditoribus
901 3864 1028 3926 exposito,
1048 3863 1074 3909 iu
1095 3863 1175 3909 lucem

97 3949 179 4001 emisit
195 3965 252 3997 rum
263 3948 291 3997 lt.
307 3965 329 3996 r.
346 3948 600 3996 animadversionibus
614 3946 665 3994 sur's
678 3948 841 4011 castigatum,
861 3947 960 4007 adjectis
976 3963 989 3992 r
1005 3945 1176 4008 Rrpbelengio

95 4032 172 4081 seriis
185 4032 334 4083 lectionibus
345 4069 352 4095 ,
367 4049 398 4081 ex
413 4032 470 4080 Aldi
481 4042 505 4080 et
516 4030 631 4099 Sohegiii
642 4030 794 4119 editionibus
805 4031 920 4094 uotisque
934 4031 1068 4093 excerptis,
1081 4040 1105 4076 et
1114 4043 1175 4077 con·

1007 4146 1028 4186 D
