2670 4836
285 328 345 393 DE
368 329 405 393 C.
430 327 655 392 VELLEIO
680 327 992 392 PATERCULO.
1081 333 1176 395 xxxix

102 460 201 507 uraguas
214 446 332 506 virtutes,
349 444 447 509 publice
463 446 608 509 patefactus,
623 445 751 492 sedetiam
766 446 892 504 mitiores,
910 445 987 492 animi
1000 445 1176 495 humanitatem

103 538 126 574 et
138 527 307 575 liberalitatem
318 529 452 593 spirantes,
467 528 494 574 in
506 528 586 574 lucem
596 528 724 591 protrsxit.
736 529 821 576 Mores
830 538 855 575 et
867 528 1021 593 disciplinam
1034 546 1177 588 romanam,

102 612 198 660 luxuria
209 648 216 672 ,
229 613 348 672 avaritia,
360 613 474 677 potentiae
484 610 616 661 mutiabili
626 610 758 675 cupiditate
769 623 925 677 corruptam,
939 612 1046 676 indeque
1055 613 1176 663 bellorum

102 697 254 761 ooedinnrqne
274 698 384 746 civilium
399 698 477 759 mala,
495 713 590 746 summa
608 712 665 744 enm
683 696 842 745 detestatione
857 698 974 761 deplorat.
993 699 1051 745 Pius
1071 709 1107 748 est
1120 715 1176 764 erga

102 783 206 841 majores
216 792 288 847 atque
299 793 431 848 cognatos,
445 783 501 847 pins
512 798 568 847 erga
579 782 697 846 patriam,
713 781 768 844 pins
779 791 803 827 et
815 792 897 844 gratus
909 797 964 846 erga
975 797 1078 842 omnes,
1091 782 1135 846 qui
1145 782 1176 830 de

101 883 127 914 se
140 868 205 917 bene
218 879 289 917 erant
302 870 398 929 meriti,
413 869 527 934 inprimit
540 884 596 934 erga
608 870 746 933 Augustum
760 868 953 930 Tiberiumque,
966 867 1010 931 qui
1021 868 1053 915 ad
1067 868 1176 917 honores

101 951 182 1014 ipsum
194 963 334 1017 aexemut.

134 1038 187 1100 Qui
199 1053 278 1102 quum
290 1039 368 1087 animi
382 1039 419 1104 pii
432 1039 543 1104 gratique
555 1054 611 1103 erga
624 1037 688 1085 bene
702 1036 734 1086 de
746 1036 819 1085 nobis
834 1037 934 1084 meritos
948 1051 1034 1084 sensns
1047 1037 1115 1085 lacile
1128 1053 1175 1087 nos

99 1118 205 1184 abripiat
219 1123 251 1170 ad
263 1139 350 1171 eorum
362 1123 549 1172 admirationem
562 1123 736 1187 studiumque,
748 1133 776 1170 nt
787 1138 843 1170 curn
857 1123 925 1187 gravi
939 1122 1024 1170 alieotn
1038 1124 1065 1170 in
1078 1123 1174 1171 laudern

99 1220 185 1252 eornm
204 1205 276 1254 eli'nsi
289 1207 434 1256 extollamus
446 1224 506 1268 eos,
520 1208 578 1256 ritis
591 1223 677 1256 eorum
690 1216 771 1254 antem
785 1206 823 1254 rel
839 1213 976 1266 teneurunt,
992 1205 1032 1254 rel
1043 1204 1175 1254 obumbre-

100 1303 170 1347 mus,
183 1289 223 1336 rel
234 1290 297 1339 adeo
310 1307 491 1355 expurgemus?
502 1289 557 1339 lieri
569 1290 647 1350 aolet,
661 1299 688 1338 ut
703 1290 730 1337 in
746 1288 901 1336 adulatorum
913 1302 1018 1336 numero
1032 1286 1173 1336 habeamur.

99 1369 168 1417 idem
182 1372 273 1420 aoddit
283 1373 378 1421 Velleio
389 1410 396 1435 ‚
408 1375 567 1439 imperatores
579 1390 652 1433 suos,
666 1389 772 1437 quorum
783 1370 910 1420 beneflciis
922 1370 1053 1419 obstrictus
1064 1381 1115 1430 est,
1129 1370 1173 1418 ad·

98 1454 229 1503 miratione
244 1468 268 1504 et
280 1456 353 1505 lande
366 1459 533 1522 prosequenti.
552 1457 614 1506 lude
629 1457 695 1521 apud
709 1455 795 1504 doctos
808 1457 835 1503 in
852 1455 1015 1514 adulationis,
1032 1465 1056 1501 et
1072 1453 1173 1517 quidem

99 1540 322 1601 abjeetae,cr1men
337 1545 454 1603 incurrit,
471 1560 548 1608 quum
560 1543 664 1591 aliorum
681 1543 828 1606 scriptorum
844 1542 973 1589 auctoritas
987 1540 1034 1588 bos
1050 1541 1173 1600 cesares,

98 1622 212 1687 inprimis
225 1625 353 1673 'liberium
367 1628 468 1690 ejusque
482 1629 589 1687 amicos,
602 1642 675 1689 quarn
689 1626 841 1674 severissime
855 1626 982 1672 notaverit.
999 1626 1094 1671 Horum
1107 1624 1172 1671 ritu·

97 1717 239 1768 peratornn
254 1709 338 1757 Nostri
355 1710 471 1774 princepe
484 1720 520 1757 est
533 1713 559 1760 1,
575 1709 687 1772 Lipsius,
707 1709 770 1756 etin
783 1708 922 1773 prefatione
938 1717 961 1754 et
975 1707 1003 1754 iu
1017 1707 1172 1755 auirnadrer·

97 1790 210 1838 sionibus
220 1793 311 1855 passim
324 1809 380 1840 enm
393 1809 504 1857 carpens.
514 1795 611 1841 Primus
624 1804 708 1842 ooutra
723 1795 776 1854 ejus
787 1791 955 1840 defensionem
968 1791 1074 1854 suscepit
1086 1788 1171 1837 liudr-

20 1895 28 1908 ·
96 1872 182 1920 lenias
195 1874 224 1921 in
237 1875 304 1938 pret
316 1874 432 1924 editionis
442 1893 507 1936 suae,
523 1875 613 1924 deinde
626 1878 713 1938 majori
725 1890 782 1922 oum
796 1890 854 1922 cura
864 1872 998 1921 Jacodst'us
1012 1873 1039 1919 in
1050 1871 1172 1920 versionis

96 1955 233 2002 vernacule
248 1956 336 2004 velleii
347 1959 504 2022 preiamine,
521 1959 629 2023 denique
643 1974 716 2023 quarn
733 1958 916 2022 diligentissime
932 1955 990 2006 Car.
1005 1956 1170 2020 Morgenster·

95 2037 165 2094 rrius,
184 2054 236 2086 una
249 2054 306 2087 enm
320 2043 433 2090 examine
447 2043 559 2091 locorum
572 2042 603 2089 de
614 2042 755 2090 adulatione
770 2051 953 2105 suspectorum,
971 2040 998 2086 in
1013 2040 1170 2087 Commenta·

94 2122 163 2169 tione
175 2123 262 2171 triaco
271 2124 303 2172 ds
311 2126 362 2187 fide
375 2125 491 2174 tuom
505 2127 593 2175 Velleir'
602 2127 744 2188 Paterculi,
760 2126 871 2191 inpriosis
884 2125 915 2173 ds
929 2123 1078 2173 adulatione
1089 2125 1114 2172 ei
1126 2126 1170 2174 ot·-

88 2205 172 2267 jeesa,
185 2223 241 2270 que
253 2208 358 2258 sditiorn
370 2221 459 2259 nostre
472 2211 560 2272 majori
572 2209 672 2275 pretim
685 2221 728 2258 est

130 2291 162 2338 lu
172 2291 292 2340 adulandi
306 2304 386 2342 antem
397 2294 506 2342 studium
519 2295 613 2343 Velleio
624 2295 725 2343 vertitur
739 2309 792 2342 non
801 2293 881 2342 solutu
891 2327 899 2351 ,
910 2291 978 2356 qnod
989 2291 1109 2352 ffirrea,
1123 2291 1169 2340 do·

97 2390 164 2422 mun
181 2377 334 2440 Angustam,
352 2378 522 2444 &urumque
536 2378 644 2440 amicos,
661 2387 748 2443 preter
764 2376 868 2426 abosum
886 2374 1060 2423 historicorum
1077 2373 1170 2437 iidem,

95 2461 138 2522 qui
147 2459 248 2509 illosum
261 2462 336 2510 malas
347 2472 408 2511 artes
422 2473 446 2511 et
459 2464 594 2527 nequitiam
606 2473 739 2524 testantur,
752 2462 790 2510 rel
801 2479 816 2510 n
828 2460 894 2508 vitiis
905 2458 1020 2507 humanis
1031 2458 1171 2520 immunes,

94 2543 149 2603 rel,
163 2554 282 2608 pnteata
297 2545 359 2610 ipris
369 2546 409 2594 hia
424 2547 490 2594 vitiis
499 2547 598 2595 bonesti
611 2549 708 2612 specie,
721 2548 828 2596 bumana
844 2555 930 2594 natura
943 2543 1017 2608 longe
1030 2543 1170 2608 superiores

94 2627 226 2688 ostendat,
238 2638 279 2689 et,
290 2626 354 2676 fletis
364 2628 443 2687 lalsis,
455 2631 632 2696 speciosissima
643 2631 843 2687 laudeexornet3
855 2629 897 2676 ssd
908 2629 981 2676 etiam
992 2627 1059 2691 quod
1069 2626 1170 2690 iniquus

95 2710 163 2758 sitin
172 2727 234 2772 eos,
247 2713 291 2776 qni
302 2712 376 2760 iurisi
386 2723 454 2761 erant
465 2715 601 2764 Gentibus
611 2716 758 2781 anlidsque,
772 2714 888 2779 quodque
898 2728 1060 2778 personarum
1070 2711 1169 2759 laudem

95 2793 332 2858 vituperationem
350 2813 419 2846 snam
437 2814 469 2846 ex
488 2800 564 2862 gratia
581 2799 706 2864 odioque,
724 2798 815 2863 quibus
831 2797 886 2844 alda
903 2811 946 2844 eos
962 2803 1168 2860 prosequeretur,

94 2885 230 2942 temperet3
247 2894 271 2927 r.
288 2896 311 2927 e.
325 2883 366 2942 11,
382 2896 447 2944 roo,
464 2897 529 2941 ror,
550 2884 616 2943 rol,
637 2883 701 2941 116,
722 2882 785 2939 rai,
805 2895 867 2943 rao,
884 2881 941 2927 rio.
959 2880 1041 2941 Quam
1061 2877 1169 2925 maxims

92 2972 173 3009 autern
185 2962 290 3011 ollendit
299 2964 393 3013 Tiberii
404 2967 546 3029 Sejanique,
556 2965 746 3014 lsediasirnornm
755 2964 897 3023 bominum,
911 2962 976 3020 laus;
988 2961 1053 3008 illins
1066 2959 1168 3024 quidem

92 3044 154 3092 adeo
167 3061 214 3109 per
225 3054 301 3094 totam
314 3048 412 3111 imperii
425 3049 530 3113 Augusti
541 3047 720 3098 enarrationem
734 3046 767 3092 ita
781 3045 912 3109 dissipata,
927 3054 954 3092 ut
964 3044 1047 3108 potius
1057 3040 1168 3102 Tiberii,

91 3143 164 3190 quana
178 3130 301 3193 Anfflstl,
314 3132 431 3179 memoria
444 3132 560 3181 tradatur.

127 3213 175 3260 Sed
190 3214 222 3261 ad
239 3214 385 3263 diluendum
401 3215 450 3263 hoc
464 3214 610 3264 adulationis
623 3215 716 3262 crimea
731 3213 825 3262 auctori
838 3221 924 3260 nostro
937 3211 1077 3271 objectum,
1091 3210 1168 3259 multa

92 3295 119 3341 in
132 3306 251 3360 promptu
261 3307 326 3345 auat
336 3298 445 3346 Prsarum
457 3299 477 3346 ai
489 3298 597 3347 Velleius
607 3298 727 3346 Ceratum
740 3296 956 3362 potentiorumque
966 3294 1101 3343 aulicorum
1113 3295 1167 3344 lau·

92 3377 149 3426 deru
160 3379 290 3428 adulanter
302 3391 326 3427 et
338 3397 395 3429 eum
409 3381 579 3430 minitationis
592 3397 666 3429 sensu
675 3380 854 3445 predicarerit,
866 3378 893 3425 id
908 3376 984 3444 magis
996 3379 1081 3439 seculi,
1093 3394 1167 3441 qnam

91 3463 187 3529 ipsius,
202 3463 263 3511 vitio
279 3463 390 3512 dandum
407 3480 459 3513 ease
473 3465 578 3513 ridetur.
594 3467 691 3514 Etenim
707 3480 794 3513 omnes
808 3465 873 3524 lere,
891 3460 934 3527 qui
949 3462 1044 3510 romani
1057 3462 1168 3510 nominis

91 3557 173 3607 erant,
184 3549 224 3595 rel
234 3547 363 3597 benebeiia
371 3551 547 3614 imperatorum
558 3549 679 3608 obstricti,
691 3549 729 3597 rel
739 3559 805 3596 metu
815 3547 991 3595 dominationis
1002 3545 1095 3606 adacti,
1107 3544 1167 3593 inde

90 3628 122 3676 ab
136 3631 240 3696 Augusti
252 3633 331 3681 'mitiis
346 3633 376 3681 ad
390 3632 501 3682 intimam
514 3634 681 3683 adulationem
695 3634 788 3699 delapsi
800 3642 864 3682 suut.
882 3634 915 3680 lla
929 3646 1028 3696 qnoque
1042 3641 1078 3679 est
1090 3633 1166 3695 scrip·

91 3724 172 3762 torum
188 3726 318 3780 poetarum
335 3717 493 3783 principum,
510 3719 608 3783 poetico
622 3718 722 3782 quidem
741 3715 830 3781 spiritu
847 3714 1040 3773 excusabilinm,
1057 3729 1125 3777 nque
1139 3728 1167 3760 so

88 3801 258 3861 prosaioorum
271 3818 318 3866 per
329 3812 440 3868 tempora
454 3803 629 3852 dominationis
645 3801 807 3866 imperatorin
819 3816 869 3849 vox
881 3809 999 3865 perpetua
1016 3809 1041 3847 st
1055 3799 1088 3846 ita
1098 3810 1166 3846 com·

90 3884 188 3943 munis,
203 3896 232 3932 nt
245 3886 343 3935 servilis
354 3888 467 3949 merus,
480 3903 553 3952 quern
566 3888 619 3936 iste
632 3901 704 3935 rooes
719 3885 861 3951 spirabant,
878 3884 921 3935 rlx
934 3884 965 3932 ab
980 3884 1058 3949 ipsis,
1078 3884 1121 3931 rix
1135 3881 1166 3931 sb

88 3967 223 4029 qudibm
235 3971 374 4019 sentiretur.

127 4052 176 4113 Qui
190 4054 281 4104 deinde
295 4057 404 4121 penitius
417 4058 591 4107 intellexeruut
606 4059 661 4107 illos
675 4058 822 4124 scriptores,
836 4066 860 4104 et
875 4055 956 4119 ipsuru
969 4052 1107 4109 Velleiuru,
1123 4066 1166 4100 eos
