<?xml version="1.0" encoding="UTF-8"?>
<!DOCTYPE html PUBLIC "-//W3C//DTD XHTML 1.0 Transitional//EN"
    "http://www.w3.org/TR/xhtml1/DTD/xhtml1-transitional.dtd">
<html xmlns="http://www.w3.org/1999/xhtml" xml:lang="en" lang="en">
 <head>
  <title>
</title>
<meta http-equiv="Content-Type" content="text/html;charset=utf-8" />
  <meta name='ocr-system' content='tesseract 3.04.00' />
  <meta name='ocr-capabilities' content='ocr_page ocr_carea ocr_par ocr_line ocrx_word'/>
</head>
<body>
  <div class='ocr_page' id='page_1' title='image "bibliothecaclas55lemagoog_0036.png"; bbox 0 0 2670 4836; ppageno 0'>
   <div class='ocr_carea' id='block_1_1' title="bbox 148 292 972 394">
    <p class='ocr_par' dir='ltr' id='par_1_1' title="bbox 148 292 972 394">
     <span class='ocr_line' id='line_1_1' title="bbox 148 292 972 394; baseline -0.001 -1"><span class='ocrx_word' id='word_1_1' title='bbox 148 350 193 394; x_wconf 69' lang='lat' dir='ltr'>xx</span> <span class='ocrx_word' id='word_1_2' title='bbox 361 292 362 297; x_wconf 61' lang='lat'>&#39;</span> <span class='ocrx_word' id='word_1_3' title='bbox 399 320 714 386; x_wconf 76' lang='lat' dir='ltr'>ursssurtrro</span> <span class='ocrx_word' id='word_1_4' title='bbox 740 322 972 393; x_wconf 81' lang='lat' dir='ltr'>surrorus</span> 
     </span>
    </p>
   </div>
   <div class='ocr_carea' id='block_1_2' title="bbox 107 438 1240 2939">
    <p class='ocr_par' dir='ltr' id='par_1_2' title="bbox 146 438 1233 1098">
     <span class='ocr_line' id='line_1_2' title="bbox 149 438 1232 508; baseline 0.01 -19"><span class='ocrx_word' id='word_1_5' title='bbox 149 448 258 495; x_wconf 79' lang='lat' dir='ltr'>Romam</span> <span class='ocrx_word' id='word_1_6' title='bbox 268 438 380 486; x_wconf 74' lang='lat' dir='ltr'>rediisset</span> <span class='ocrx_word' id='word_1_7' title='bbox 393 448 538 501; x_wconf 70' lang='lat' dir='ltr'>quaesturam</span> <span class='ocrx_word' id='word_1_8' title='bbox 548 439 683 502; x_wconf 83' lang='lat' dir='ltr'>petiturus;</span> <span class='ocrx_word' id='word_1_9' title='bbox 697 439 833 505; x_wconf 83' lang='lat' dir='ltr'>eodemque</span> <span class='ocrx_word' id='word_1_10' title='bbox 843 452 954 508; x_wconf 85' lang='lat' dir='ltr'>tempore</span> <span class='ocrx_word' id='word_1_11' title='bbox 964 446 1059 495; x_wconf 88' lang='lat' dir='ltr'>subitus</span> <span class='ocrx_word' id='word_1_12' title='bbox 1073 465 1086 497; x_wconf 87' lang='lat' dir='ltr'>a</span> <span class='ocrx_word' id='word_1_13' title='bbox 1099 453 1232 507; x_wconf 69' lang='lat' dir='ltr'>Pannonis</span> 
     </span>
     <span class='ocr_line' id='line_1_3' title="bbox 148 522 1233 596; baseline 0.012 -22"><span class='ocrx_word' id='word_1_14' title='bbox 148 525 319 587; x_wconf 83' lang='lat' dir='ltr'>Delmatisque</span> <span class='ocrx_word' id='word_1_15' title='bbox 334 534 413 570; x_wconf 87' lang='lat' dir='ltr'>terror</span> <span class='ocrx_word' id='word_1_16' title='bbox 429 522 574 585; x_wconf 70' lang='lat' dir='ltr'>ingruisset,</span> <span class='ocrx_word' id='word_1_17' title='bbox 590 538 657 570; x_wconf 87' lang='lat' dir='ltr'>anno</span> <span class='ocrx_word' id='word_1_18' title='bbox 670 524 761 572; x_wconf 87' lang='lat' dir='ltr'>scilicet</span> <span class='ocrx_word' id='word_1_19' title='bbox 775 525 911 583; x_wconf 73' lang='lat' dir='ltr'>DCCLlK3</span> <span class='ocrx_word' id='word_1_20' title='bbox 924 529 1046 591; x_wconf 78' lang='lat' dir='ltr'>Velleius,</span> <span class='ocrx_word' id='word_1_21' title='bbox 1064 547 1174 596; x_wconf 64' lang='lat' dir='ltr'>quaestor</span> <span class='ocrx_word' id='word_1_22' title='bbox 1188 541 1233 590; x_wconf 86' lang='lat' dir='ltr'>de·</span> 
     </span>
     <span class='ocr_line' id='line_1_4' title="bbox 147 607 1233 686; baseline 0.005 -28"><span class='ocrx_word' id='word_1_23' title='bbox 147 616 272 678; x_wconf 68' lang='lat' dir='ltr'>signante,</span> <span class='ocrx_word' id='word_1_24' title='bbox 279 607 385 656; x_wconf 84' lang='lat' dir='ltr'>necdum</span> <span class='ocrx_word' id='word_1_25' title='bbox 395 617 503 665; x_wconf 89' lang='lat' dir='ltr'>senator,</span> <span class='ocrx_word' id='word_1_26' title='bbox 511 617 605 670; x_wconf 88' lang='lat' dir='ltr'>partem</span> <span class='ocrx_word' id='word_1_27' title='bbox 615 608 736 654; x_wconf 84' lang='lat' dir='ltr'>exercitus</span> <span class='ocrx_word' id='word_1_28' title='bbox 745 607 775 654; x_wconf 84' lang='lat' dir='ltr'>alr</span> <span class='ocrx_word' id='word_1_29' title='bbox 784 607 866 668; x_wconf 87' lang='lat' dir='ltr'>Urbe,</span> <span class='ocrx_word' id='word_1_30' title='bbox 878 611 989 660; x_wconf 85' lang='lat' dir='ltr'>traditam</span> <span class='ocrx_word' id='word_1_31' title='bbox 999 614 1030 661; x_wconf 89' lang='lat' dir='ltr'>ab</span> <span class='ocrx_word' id='word_1_32' title='bbox 1039 617 1167 682; x_wconf 68' lang='lat' dir='ltr'>Augusto,</span> <span class='ocrx_word' id='word_1_33' title='bbox 1175 640 1233 686; x_wconf 58' lang='lat' dir='ltr'>pff.</span> 
     </span>
     <span class='ocr_line' id='line_1_5' title="bbox 149 687 1233 760; baseline 0.008 -21"><span class='ocrx_word' id='word_1_34' title='bbox 149 694 224 746; x_wconf 82' lang='lat' dir='ltr'>duxit</span> <span class='ocrx_word' id='word_1_35' title='bbox 238 692 264 739; x_wconf 90' lang='lat' dir='ltr'>in</span> <span class='ocrx_word' id='word_1_36' title='bbox 279 690 396 738; x_wconf 83' lang='lat' dir='ltr'>auxilium</span> <span class='ocrx_word' id='word_1_37' title='bbox 410 689 521 736; x_wconf 88' lang='lat' dir='ltr'>Tiberii:</span> <span class='ocrx_word' id='word_1_38' title='bbox 537 705 588 752; x_wconf 89' lang='lat' dir='ltr'>cap.</span> <span class='ocrx_word' id='word_1_39' title='bbox 601 704 663 748; x_wconf 88' lang='grc' dir='ltr'>ιιι,</span> <span class='ocrx_word' id='word_1_40' title='bbox 676 687 691 752; x_wconf 69' lang='lat'>5</span> <span class='ocrx_word' id='word_1_41' title='bbox 706 691 729 737; x_wconf 79' lang='lat'>3,</span> <span class='ocrx_word' id='word_1_42' title='bbox 742 690 822 754; x_wconf 81' lang='lat' dir='ltr'>Ergo,</span> <span class='ocrx_word' id='word_1_43' title='bbox 839 701 897 739; x_wconf 89' lang='lat' dir='ltr'>tuuc</span> <span class='ocrx_word' id='word_1_44' title='bbox 911 692 995 755; x_wconf 80' lang='lat' dir='ltr'>linita,</span> <span class='ocrx_word' id='word_1_45' title='bbox 1009 702 1129 760; x_wconf 87' lang='lat' dir='ltr'>equestris</span> <span class='ocrx_word' id='word_1_46' title='bbox 1144 706 1233 755; x_wconf 65' lang='lat' dir='ltr'>militia</span> 
     </span>
     <span class='ocr_line' id='line_1_6' title="bbox 148 772 1232 851; baseline 0.009 -25"><span class='ocrx_word' id='word_1_47' title='bbox 148 778 273 830; x_wconf 90' lang='lat' dir='ltr'>decennio</span> <span class='ocrx_word' id='word_1_48' title='bbox 286 785 355 833; x_wconf 89' lang='lat' dir='ltr'>aute,</span> <span class='ocrx_word' id='word_1_49' title='bbox 369 788 435 821; x_wconf 90' lang='lat' dir='ltr'>anuo</span> <span class='ocrx_word' id='word_1_50' title='bbox 447 772 592 821; x_wconf 77' lang='lat' dir='ltr'>nccxttx</span> <span class='ocrx_word' id='word_1_51' title='bbox 603 808 610 832; x_wconf 93' lang='lat'>,</span> <span class='ocrx_word' id='word_1_52' title='bbox 623 773 773 837; x_wconf 77' lang='lat' dir='ltr'>incoeperat:</span> <span class='ocrx_word' id='word_1_53' title='bbox 788 785 812 821; x_wconf 86' lang='lat' dir='ltr'>et</span> <span class='ocrx_word' id='word_1_54' title='bbox 825 791 883 823; x_wconf 89' lang='lat' dir='ltr'>sane</span> <span class='ocrx_word' id='word_1_55' title='bbox 897 777 1019 839; x_wconf 75' lang='lat' dir='ltr'>Velleius,</span> <span class='ocrx_word' id='word_1_56' title='bbox 1033 793 1102 845; x_wconf 88' lang='lat' dir='ltr'>patre</span> <span class='ocrx_word' id='word_1_57' title='bbox 1114 787 1232 851; x_wconf 87' lang='lat' dir='ltr'>militari,</span> 
     </span>
     <span class='ocr_line' id='line_1_7' title="bbox 148 858 1232 934; baseline 0.005 -24"><span class='ocrx_word' id='word_1_58' title='bbox 148 863 250 917; x_wconf 79' lang='lat' dir='ltr'>militari</span> <span class='ocrx_word' id='word_1_59' title='bbox 263 863 335 908; x_wconf 86' lang='lat' dir='ltr'>etiam</span> <span class='ocrx_word' id='word_1_60' title='bbox 349 858 448 917; x_wconf 90' lang='lat' dir='ltr'>indole,</span> <span class='ocrx_word' id='word_1_61' title='bbox 467 858 547 906; x_wconf 90' lang='lat' dir='ltr'>statim</span> <span class='ocrx_word' id='word_1_62' title='bbox 567 874 579 904; x_wconf 91' lang='lat' dir='ltr'>a</span> <span class='ocrx_word' id='word_1_63' title='bbox 597 858 725 921; x_wconf 72' lang='lat' dir='ltr'>pubertate</span> <span class='ocrx_word' id='word_1_64' title='bbox 742 875 808 906; x_wconf 84' lang='lat' dir='ltr'>arma</span> <span class='ocrx_word' id='word_1_65' title='bbox 826 875 969 925; x_wconf 74' lang='lat' dir='ltr'>sumpserat.</span> <span class='ocrx_word' id='word_1_66' title='bbox 988 865 1067 914; x_wconf 89' lang='lat' dir='ltr'>Natus</span> <span class='ocrx_word' id='word_1_67' title='bbox 1083 885 1144 934; x_wconf 80' lang='lat' dir='ltr'>ergo</span> <span class='ocrx_word' id='word_1_68' title='bbox 1162 889 1232 923; x_wconf 69' lang='lat' dir='ltr'>anno</span> 
     </span>
     <span class='ocr_line' id='line_1_8' title="bbox 148 940 1230 1017; baseline 0.006 -26"><span class='ocrx_word' id='word_1_69' title='bbox 148 945 327 1003; x_wconf 73' lang='lat' dir='ltr'>DOCXXXV,</span> <span class='ocrx_word' id='word_1_70' title='bbox 339 953 419 1006; x_wconf 79' lang='lat' dir='ltr'>togam</span> <span class='ocrx_word' id='word_1_71' title='bbox 427 941 522 988; x_wconf 85' lang='lat' dir='ltr'>virilem</span> <span class='ocrx_word' id='word_1_72' title='bbox 533 957 599 988; x_wconf 88' lang='lat' dir='ltr'>anno</span> <span class='ocrx_word' id='word_1_73' title='bbox 610 940 754 990; x_wconf 77' lang='lat' dir='ltr'>nccxmx</span> <span class='ocrx_word' id='word_1_74' title='bbox 766 942 893 1001; x_wconf 72' lang='lat' dir='ltr'>induerat,</span> <span class='ocrx_word' id='word_1_75' title='bbox 902 946 1008 1010; x_wconf 89' lang='lat' dir='ltr'>deniqne</span> <span class='ocrx_word' id='word_1_76' title='bbox 1015 965 1082 999; x_wconf 88' lang='lat' dir='ltr'>auno</span> <span class='ocrx_word' id='word_1_77' title='bbox 1092 954 1230 1017; x_wconf 64' lang='lat' dir='ltr'>boculi,</span> 
     </span>
     <span class='ocr_line' id='line_1_9' title="bbox 146 1024 961 1098; baseline -0.004 -20"><span class='ocrx_word' id='word_1_78' title='bbox 146 1029 282 1098; x_wconf 76' lang='lat' dir='ltr'>legitimam</span> <span class='ocrx_word' id='word_1_79' title='bbox 293 1036 385 1075; x_wconf 82' lang='lat' dir='ltr'>aetatem</span> <span class='ocrx_word' id='word_1_80' title='bbox 395 1025 511 1090; x_wconf 86' lang='lat' dir='ltr'>adeptus,</span> <span class='ocrx_word' id='word_1_81' title='bbox 522 1025 553 1072; x_wconf 93' lang='lat' dir='ltr'>ad</span> <span class='ocrx_word' id='word_1_82' title='bbox 561 1024 697 1072; x_wconf 86' lang='lat' dir='ltr'>senatorios</span> <span class='ocrx_word' id='word_1_83' title='bbox 706 1025 815 1074; x_wconf 86' lang='lat' dir='ltr'>bonores</span> <span class='ocrx_word' id='word_1_84' title='bbox 824 1027 961 1075; x_wconf 85' lang='lat' dir='ltr'>accedebat</span> 
     </span>
    </p>

    <p class='ocr_par' dir='ltr' id='par_1_3' title="bbox 147 1108 1233 1334">
     <span class='ocr_line' id='line_1_10' title="bbox 184 1108 1231 1180; baseline 0.004 -19"><span class='ocrx_word' id='word_1_85' title='bbox 184 1111 325 1161; x_wconf 85' lang='lat' dir='ltr'>Dcdwellus</span> <span class='ocrx_word' id='word_1_86' title='bbox 336 1109 366 1157; x_wconf 90' lang='lat' dir='ltr'>ad</span> <span class='ocrx_word' id='word_1_87' title='bbox 378 1119 455 1156; x_wconf 87' lang='lat' dir='ltr'>certas</span> <span class='ocrx_word' id='word_1_88' title='bbox 465 1108 583 1172; x_wconf 87' lang='lat' dir='ltr'>quasdam</span> <span class='ocrx_word' id='word_1_89' title='bbox 594 1109 705 1171; x_wconf 86' lang='lat' dir='ltr'>regulas,</span> <span class='ocrx_word' id='word_1_90' title='bbox 716 1127 776 1174; x_wconf 85' lang='lat' dir='ltr'>quas</span> <span class='ocrx_word' id='word_1_91' title='bbox 784 1110 833 1158; x_wconf 89' lang='lat' dir='ltr'>sibi</span> <span class='ocrx_word' id='word_1_92' title='bbox 844 1112 963 1174; x_wconf 89' lang='lat' dir='ltr'>reperisse</span> <span class='ocrx_word' id='word_1_93' title='bbox 974 1113 1117 1180; x_wconf 87' lang='lat' dir='ltr'>videbatur,</span> <span class='ocrx_word' id='word_1_94' title='bbox 1128 1136 1231 1171; x_wconf 75' lang='lat' dir='ltr'>omnem</span> 
     </span>
     <span class='ocr_line' id='line_1_11' title="bbox 147 1192 1233 1262; baseline -0.001 -14"><span class='ocrx_word' id='word_1_95' title='bbox 147 1203 274 1250; x_wconf 84' lang='lat' dir='ltr'>honorum</span> <span class='ocrx_word' id='word_1_96' title='bbox 288 1193 431 1242; x_wconf 82' lang='lat' dir='ltr'>militariam</span> <span class='ocrx_word' id='word_1_97' title='bbox 445 1192 532 1240; x_wconf 89' lang='lat' dir='ltr'>seriem</span> <span class='ocrx_word' id='word_1_98' title='bbox 546 1193 658 1256; x_wconf 85' lang='lat' dir='ltr'>redigere</span> <span class='ocrx_word' id='word_1_99' title='bbox 671 1203 788 1253; x_wconf 87' lang='lat' dir='ltr'>conatus,</span> <span class='ocrx_word' id='word_1_100' title='bbox 798 1194 878 1241; x_wconf 89' lang='lat' dir='ltr'>aditos</span> <span class='ocrx_word' id='word_1_101' title='bbox 891 1210 905 1241; x_wconf 92' lang='lat' dir='ltr'>a</span> <span class='ocrx_word' id='word_1_102' title='bbox 919 1196 1011 1244; x_wconf 87' lang='lat' dir='ltr'>Nostro</span> <span class='ocrx_word' id='word_1_103' title='bbox 1025 1199 1117 1262; x_wconf 77' lang='lat' dir='ltr'>gradus</span> <span class='ocrx_word' id='word_1_104' title='bbox 1131 1203 1182 1254; x_wconf 79' lang='lat' dir='ltr'>hoc</span> <span class='ocrx_word' id='word_1_105' title='bbox 1192 1222 1233 1255; x_wconf 70' lang='lat' dir='ltr'>or.</span> 
     </span>
     <span class='ocr_line' id='line_1_12' title="bbox 148 1280 608 1334; baseline -0.004 -1"><span class='ocrx_word' id='word_1_106' title='bbox 148 1285 208 1334; x_wconf 87' lang='lat' dir='ltr'>dine</span> <span class='ocrx_word' id='word_1_107' title='bbox 221 1280 376 1330; x_wconf 73' lang='lat' dir='ltr'>recensebat:</span> <span class='ocrx_word' id='word_1_108' title='bbox 606 1326 608 1331; x_wconf 29' lang='lat'><strong>⁴</strong></span> 
     </span>
    </p>

    <p class='ocr_par' dir='ltr' id='par_1_4' title="bbox 187 1358 1131 1427">
     <span class='ocr_line' id='line_1_13' title="bbox 187 1358 1131 1427; baseline 0.003 -16"><span class='ocrx_word' id='word_1_109' title='bbox 187 1377 215 1414; x_wconf 77' lang='grc' dir='ltr'>ιο</span> <span class='ocrx_word' id='word_1_110' title='bbox 234 1365 309 1414; x_wconf 77' lang='lat' dir='ltr'>Auno</span> <span class='ocrx_word' id='word_1_111' title='bbox 318 1362 479 1420; x_wconf 78' lang='lat' dir='ltr'>uccxttx,</span> <span class='ocrx_word' id='word_1_112' title='bbox 491 1360 609 1424; x_wconf 88' lang='lat' dir='ltr'>equestris</span> <span class='ocrx_word' id='word_1_113' title='bbox 621 1358 712 1406; x_wconf 80' lang='lat' dir='ltr'>militiae</span> <span class='ocrx_word' id='word_1_114' title='bbox 723 1359 819 1424; x_wconf 90' lang='lat' dir='ltr'>primo,</span> <span class='ocrx_word' id='word_1_115' title='bbox 831 1362 996 1423; x_wconf 65' lang='lat' dir='ltr'>prefecturam</span> <span class='ocrx_word' id='word_1_116' title='bbox 1007 1365 1131 1427; x_wconf 72' lang='lat' dir='ltr'>cohortis,</span> 
     </span>
    </p>

    <p class='ocr_par' dir='ltr' id='par_1_5' title="bbox 185 1442 1138 1512">
     <span class='ocr_line' id='line_1_14' title="bbox 185 1442 1138 1512; baseline 0.001 -13"><span class='ocrx_word' id='word_1_117' title='bbox 185 1453 214 1499; x_wconf 61' lang='grc' dir='ltr'>ιο</span> <span class='ocrx_word' id='word_1_118' title='bbox 233 1452 309 1498; x_wconf 78' lang='lat' dir='ltr'>Anno</span> <span class='ocrx_word' id='word_1_119' title='bbox 319 1446 445 1504; x_wconf 87' lang='lat' dir='ltr'>DCCLll,</span> <span class='ocrx_word' id='word_1_120' title='bbox 455 1445 547 1492; x_wconf 77' lang='lat' dir='ltr'>militia</span> <span class='ocrx_word' id='word_1_121' title='bbox 556 1446 642 1504; x_wconf 83' lang='lat' dir='ltr'>tertio,</span> <span class='ocrx_word' id='word_1_122' title='bbox 652 1442 805 1492; x_wconf 86' lang='lat' dir='ltr'>tribunatum</span> <span class='ocrx_word' id='word_1_123' title='bbox 813 1445 928 1509; x_wconf 78' lang='lat' dir='ltr'>legionis,</span> <span class='ocrx_word' id='word_1_124' title='bbox 936 1464 993 1495; x_wconf 88' lang='lat' dir='ltr'>enm</span> <span class='ocrx_word' id='word_1_125' title='bbox 1001 1449 1138 1512; x_wconf 82' lang='lat' dir='ltr'>laticlavio;</span> 
     </span>
    </p>

    <p class='ocr_par' dir='ltr' id='par_1_6' title="bbox 185 1526 985 1590">
     <span class='ocr_line' id='line_1_15' title="bbox 185 1526 985 1590; baseline -0.003 -11"><span class='ocrx_word' id='word_1_126' title='bbox 185 1538 214 1584; x_wconf 80' lang='grc' dir='ltr'>3ο</span> <span class='ocrx_word' id='word_1_127' title='bbox 233 1535 310 1582; x_wconf 77' lang='lat' dir='ltr'>Anno</span> <span class='ocrx_word' id='word_1_128' title='bbox 321 1529 454 1590; x_wconf 87' lang='lat' dir='ltr'>DCCLIV,</span> <span class='ocrx_word' id='word_1_129' title='bbox 463 1529 554 1576; x_wconf 86' lang='lat' dir='ltr'>militiae</span> <span class='ocrx_word' id='word_1_130' title='bbox 564 1528 667 1590; x_wconf 88' lang='lat' dir='ltr'>quinto,</span> <span class='ocrx_word' id='word_1_131' title='bbox 677 1526 828 1574; x_wconf 84' lang='lat' dir='ltr'>tribunatum</span> <span class='ocrx_word' id='word_1_132' title='bbox 839 1539 985 1589; x_wconf 89' lang='lat' dir='ltr'>castrorum;</span> 
     </span>
    </p>

    <p class='ocr_par' dir='ltr' id='par_1_7' title="bbox 185 1611 1035 1676">
     <span class='ocr_line' id='line_1_16' title="bbox 185 1611 1035 1676; baseline -0.002 -13"><span class='ocrx_word' id='word_1_133' title='bbox 185 1624 213 1675; x_wconf 69' lang='lat'>⁴⁰</span> <span class='ocrx_word' id='word_1_134' title='bbox 230 1617 306 1663; x_wconf 78' lang='lat' dir='ltr'>Anno</span> <span class='ocrx_word' id='word_1_135' title='bbox 316 1612 459 1670; x_wconf 89' lang='lat' dir='ltr'>DCCLVll,</span> <span class='ocrx_word' id='word_1_136' title='bbox 469 1611 560 1657; x_wconf 80' lang='lat' dir='ltr'>militiae</span> <span class='ocrx_word' id='word_1_137' title='bbox 569 1622 667 1669; x_wconf 85' lang='lat' dir='ltr'>octavo,</span> <span class='ocrx_word' id='word_1_138' title='bbox 677 1611 844 1672; x_wconf 72' lang='lat' dir='ltr'>praefecturam</span> <span class='ocrx_word' id='word_1_139' title='bbox 854 1612 896 1659; x_wconf 85' lang='lat' dir='ltr'>ulae</span> <span class='ocrx_word' id='word_1_140' title='bbox 905 1615 1035 1676; x_wconf 85' lang='lat' dir='ltr'>equestris;</span> 
     </span>
    </p>

    <p class='ocr_par' dir='ltr' id='par_1_8' title="bbox 185 1694 1045 1760">
     <span class='ocr_line' id='line_1_17' title="bbox 185 1694 1045 1760; baseline 0.008 -20"><span class='ocrx_word' id='word_1_141' title='bbox 185 1703 212 1750; x_wconf 81' lang='lat'>50</span> <span class='ocrx_word' id='word_1_142' title='bbox 230 1701 307 1748; x_wconf 76' lang='lat' dir='ltr'>Auno</span> <span class='ocrx_word' id='word_1_143' title='bbox 317 1697 449 1753; x_wconf 78' lang='lat' dir='ltr'>DCCLIX,</span> <span class='ocrx_word' id='word_1_144' title='bbox 461 1705 545 1742; x_wconf 82' lang='lat' dir='ltr'>exacta</span> <span class='ocrx_word' id='word_1_145' title='bbox 554 1694 651 1742; x_wconf 88' lang='lat' dir='ltr'>demum</span> <span class='ocrx_word' id='word_1_146' title='bbox 662 1695 747 1741; x_wconf 86' lang='lat' dir='ltr'>militia</span> <span class='ocrx_word' id='word_1_147' title='bbox 759 1696 879 1757; x_wconf 83' lang='lat' dir='ltr'>equestri,</span> <span class='ocrx_word' id='word_1_148' title='bbox 891 1695 1045 1760; x_wconf 81' lang='lat' dir='ltr'>legationem.</span> 
     </span>
    </p>

    <p class='ocr_par' dir='ltr' id='par_1_9' title="bbox 146 1778 1240 2690">
     <span class='ocr_line' id='line_1_18' title="bbox 183 1778 1227 1842; baseline 0.006 -10"><span class='ocrx_word' id='word_1_149' title='bbox 183 1784 232 1833; x_wconf 83' lang='lat' dir='ltr'>Sed</span> <span class='ocrx_word' id='word_1_150' title='bbox 245 1800 305 1840; x_wconf 90' lang='lat' dir='ltr'>nos,</span> <span class='ocrx_word' id='word_1_151' title='bbox 319 1791 441 1828; x_wconf 86' lang='lat' dir='ltr'>annuente</span> <span class='ocrx_word' id='word_1_152' title='bbox 454 1779 575 1836; x_wconf 78' lang='lat' dir='ltr'>ltrausio,</span> <span class='ocrx_word' id='word_1_153' title='bbox 589 1778 736 1842; x_wconf 68' lang='lat' dir='ltr'>praefecturae</span> <span class='ocrx_word' id='word_1_154' title='bbox 749 1779 859 1826; x_wconf 85' lang='lat' dir='ltr'>cohortis</span> <span class='ocrx_word' id='word_1_155' title='bbox 872 1780 1051 1830; x_wconf 86' lang='lat' dir='ltr'>immunitatem</span> <span class='ocrx_word' id='word_1_156' title='bbox 1062 1786 1159 1836; x_wconf 85' lang='lat' dir='ltr'>Velleio</span> <span class='ocrx_word' id='word_1_157' title='bbox 1171 1791 1227 1839; x_wconf 86' lang='lat' dir='ltr'>vin·</span> 
     </span>
     <span class='ocr_line' id='line_1_19' title="bbox 149 1862 1228 1936; baseline 0 -19"><span class='ocrx_word' id='word_1_158' title='bbox 149 1872 256 1920; x_wconf 87' lang='lat' dir='ltr'>dicatum</span> <span class='ocrx_word' id='word_1_159' title='bbox 269 1866 367 1914; x_wconf 84' lang='lat' dir='ltr'>ivimus.</span> <span class='ocrx_word' id='word_1_160' title='bbox 382 1863 533 1910; x_wconf 88' lang='lat' dir='ltr'>Tribunatus</span> <span class='ocrx_word' id='word_1_161' title='bbox 545 1862 649 1910; x_wconf 86' lang='lat' dir='ltr'>militum</span> <span class='ocrx_word' id='word_1_162' title='bbox 661 1863 743 1911; x_wconf 89' lang='lat' dir='ltr'>nullus</span> <span class='ocrx_word' id='word_1_163' title='bbox 755 1880 863 1927; x_wconf 87' lang='lat' dir='ltr'>unquam</span> <span class='ocrx_word' id='word_1_164' title='bbox 873 1865 930 1923; x_wconf 77' lang='lat' dir='ltr'>suit3</span> <span class='ocrx_word' id='word_1_165' title='bbox 941 1877 1010 1915; x_wconf 89' lang='lat' dir='ltr'>ortus</span> <span class='ocrx_word' id='word_1_166' title='bbox 1021 1885 1052 1916; x_wconf 85' lang='lat' dir='ltr'>ex</span> <span class='ocrx_word' id='word_1_167' title='bbox 1062 1870 1228 1936; x_wconf 76' lang='lat' dir='ltr'>interpretum</span> 
     </span>
     <span class='ocr_line' id='line_1_20' title="bbox 146 1945 1240 2021; baseline 0.007 -21"><span class='ocrx_word' id='word_1_168' title='bbox 146 1947 413 2018; x_wconf 75' lang='lat' dir='ltr'>ingenio,quiscilicet</span> <span class='ocrx_word' id='word_1_169' title='bbox 424 1945 490 2010; x_wconf 87' lang='lat' dir='ltr'>apud</span> <span class='ocrx_word' id='word_1_170' title='bbox 500 1945 619 1994; x_wconf 89' lang='lat' dir='ltr'>Nostrum</span> <span class='ocrx_word' id='word_1_171' title='bbox 630 1947 737 2012; x_wconf 78' lang='lat' dir='ltr'>legerent</span> <span class='ocrx_word' id='word_1_172' title='bbox 747 1949 791 1995; x_wconf 91' lang='lat' dir='ltr'>lib.</span> <span class='ocrx_word' id='word_1_173' title='bbox 799 1950 824 1996; x_wconf 91' lang='lat' dir='ltr'>ll</span> <span class='ocrx_word' id='word_1_174' title='bbox 829 1985 836 2009; x_wconf 90' lang='lat'>,</span> <span class='ocrx_word' id='word_1_175' title='bbox 845 1966 897 2013; x_wconf 91' lang='lat' dir='ltr'>cap.</span> <span class='ocrx_word' id='word_1_176' title='bbox 908 1959 954 2006; x_wconf 69' lang='lat' dir='ltr'>rot,</span> <span class='ocrx_word' id='word_1_177' title='bbox 965 1968 971 1997; x_wconf 73' lang='grc' dir='ltr'>ε</span> <span class='ocrx_word' id='word_1_178' title='bbox 984 1974 996 1993; x_wconf 76' lang='grc' dir='ltr'>ιι</span> <span class='ocrx_word' id='word_1_179' title='bbox 1006 1955 1061 2001; x_wconf 84' lang='lat' dir='ltr'>lloc</span> <span class='ocrx_word' id='word_1_180' title='bbox 1069 1964 1167 2021; x_wconf 83' lang='lat' dir='ltr'>tempus</span> <span class='ocrx_word' id='word_1_181' title='bbox 1175 1977 1240 2019; x_wconf 83' lang='lat' dir='ltr'>me,</span> 
     </span>
     <span class='ocr_line' id='line_1_21' title="bbox 147 2030 1227 2101; baseline -0.001 -15"><span class='ocrx_word' id='word_1_182' title='bbox 147 2041 258 2087; x_wconf 82' lang='lat' dir='ltr'>sunctum</span> <span class='ocrx_word' id='word_1_183' title='bbox 271 2043 327 2080; x_wconf 89' lang='lat' dir='ltr'>ante</span> <span class='ocrx_word' id='word_1_184' title='bbox 340 2030 466 2077; x_wconf 89' lang='lat' dir='ltr'>tribunatu</span> <span class='ocrx_word' id='word_1_185' title='bbox 476 2039 624 2091; x_wconf 84' lang='lat' dir='ltr'>castrorum,</span> <span class='ocrx_word' id='word_1_186' title='bbox 640 2031 677 2078; x_wconf 88' lang='lat' dir='ltr'>Ti.</span> <span class='ocrx_word' id='word_1_187' title='bbox 688 2031 789 2079; x_wconf 82' lang='lat' dir='ltr'>Caesaris</span> <span class='ocrx_word' id='word_1_188' title='bbox 802 2032 904 2078; x_wconf 89' lang='lat' dir='ltr'>militem</span> <span class='ocrx_word' id='word_1_189' title='bbox 914 2033 978 2080; x_wconf 83' lang='lat' dir='ltr'>fecit</span> <span class='ocrx_word' id='word_1_190' title='bbox 986 2056 998 2075; x_wconf 69' lang='grc' dir='ltr'><strong>υ</strong></span> <span class='ocrx_word' id='word_1_191' title='bbox 1011 2037 1111 2101; x_wconf 86' lang='lat' dir='ltr'>Optime</span> <span class='ocrx_word' id='word_1_192' title='bbox 1125 2041 1190 2088; x_wconf 84' lang='lat' dir='ltr'>vidit</span> <span class='ocrx_word' id='word_1_193' title='bbox 1203 2045 1227 2092; x_wconf 80' lang='lat' dir='ltr'>J,</span> 
     </span>
     <span class='ocr_line' id='line_1_22' title="bbox 147 2112 1228 2184; baseline 0.003 -17"><span class='ocrx_word' id='word_1_194' title='bbox 147 2121 279 2169; x_wconf 72' lang='lat' dir='ltr'>Massones</span> <span class='ocrx_word' id='word_1_195' title='bbox 290 2132 304 2162; x_wconf 90' lang='lat' dir='ltr'>a</span> <span class='ocrx_word' id='word_1_196' title='bbox 317 2112 470 2162; x_wconf 80' lang='lat' dir='ltr'>Ruhnkenio</span> <span class='ocrx_word' id='word_1_197' title='bbox 487 2112 613 2173; x_wconf 89' lang='lat' dir='ltr'>laudatus,</span> <span class='ocrx_word' id='word_1_198' title='bbox 625 2113 853 2177; x_wconf 80' lang='lat' dir='ltr'>interpungendum</span> <span class='ocrx_word' id='word_1_199' title='bbox 871 2130 923 2160; x_wconf 87' lang='lat' dir='ltr'>esse</span> <span class='ocrx_word' id='word_1_200' title='bbox 941 2126 998 2178; x_wconf 90' lang='lat' dir='ltr'>post</span> <span class='ocrx_word' id='word_1_201' title='bbox 1016 2116 1157 2184; x_wconf 80' lang='lat' dir='ltr'>tribunatu,</span> <span class='ocrx_word' id='word_1_202' title='bbox 1174 2139 1228 2173; x_wconf 88' lang='lat' dir='ltr'>nou</span> 
     </span>
     <span class='ocr_line' id='line_1_23' title="bbox 147 2196 1228 2269; baseline -0.001 -17"><span class='ocrx_word' id='word_1_203' title='bbox 147 2214 204 2269; x_wconf 90' lang='lat' dir='ltr'>post</span> <span class='ocrx_word' id='word_1_204' title='bbox 216 2212 375 2250; x_wconf 82' lang='lat' dir='ltr'>castrorum:</span> <span class='ocrx_word' id='word_1_205' title='bbox 388 2197 471 2260; x_wconf 87' lang='lat' dir='ltr'>itaque</span> <span class='ocrx_word' id='word_1_206' title='bbox 485 2197 573 2244; x_wconf 89' lang='lat' dir='ltr'>merito</span> <span class='ocrx_word' id='word_1_207' title='bbox 578 2196 755 2262; x_wconf 85' lang='lat' dir='ltr'>&#39;exploduntur</span> <span class='ocrx_word' id='word_1_208' title='bbox 766 2197 887 2245; x_wconf 85' lang='lat' dir='ltr'>Dodwelli</span> <span class='ocrx_word' id='word_1_209' title='bbox 898 2208 921 2244; x_wconf 93' lang='lat' dir='ltr'>et</span> <span class='ocrx_word' id='word_1_210' title='bbox 933 2198 1039 2247; x_wconf 88' lang='lat' dir='ltr'>aliorum</span> <span class='ocrx_word' id='word_1_211' title='bbox 1050 2201 1081 2249; x_wconf 89' lang='lat' dir='ltr'>de</span> <span class='ocrx_word' id='word_1_212' title='bbox 1093 2213 1142 2251; x_wconf 90' lang='lat' dir='ltr'>tam</span> <span class='ocrx_word' id='word_1_213' title='bbox 1155 2207 1228 2255; x_wconf 85' lang='lat' dir='ltr'>inani</span> 
     </span>
     <span class='ocr_line' id='line_1_24' title="bbox 146 2279 1228 2348; baseline 0.001 -12"><span class='ocrx_word' id='word_1_214' title='bbox 146 2287 189 2336; x_wconf 84' lang='lat' dir='ltr'>lite</span> <span class='ocrx_word' id='word_1_215' title='bbox 202 2282 380 2348; x_wconf 86' lang='lat' dir='ltr'>disputantium</span> <span class='ocrx_word' id='word_1_216' title='bbox 394 2280 576 2328; x_wconf 76' lang='lat' dir='ltr'>controversiae.</span> <span class='ocrx_word' id='word_1_217' title='bbox 590 2279 716 2331; x_wconf 85' lang='lat' dir='ltr'>Tribunus</span> <span class='ocrx_word' id='word_1_218' title='bbox 734 2297 792 2346; x_wconf 75' lang='lat' dir='ltr'>ergo</span> <span class='ocrx_word' id='word_1_219' title='bbox 806 2281 918 2328; x_wconf 79' lang='lat' dir='ltr'>militavit</span> <span class='ocrx_word' id='word_1_220' title='bbox 931 2281 1052 2344; x_wconf 89' lang='lat' dir='ltr'>Velleius,</span> <span class='ocrx_word' id='word_1_221' title='bbox 1066 2285 1146 2335; x_wconf 87' lang='lat' dir='ltr'>donec</span> <span class='ocrx_word' id='word_1_222' title='bbox 1160 2305 1228 2338; x_wconf 90' lang='lat' dir='ltr'>anno</span> 
     </span>
     <span class='ocr_line' id='line_1_25' title="bbox 148 2364 1228 2434; baseline 0.001 -16"><span class='ocrx_word' id='word_1_223' title='bbox 148 2371 278 2424; x_wconf 80' lang='lat' dir='ltr'>DOCLVll</span> <span class='ocrx_word' id='word_1_224' title='bbox 285 2364 471 2434; x_wconf 63' lang='lat' dir='ltr'>patri‘praelecto</span> <span class='ocrx_word' id='word_1_225' title='bbox 478 2368 587 2430; x_wconf 89' lang='lat' dir='ltr'>equitum</span> <span class='ocrx_word' id='word_1_226' title='bbox 597 2368 746 2414; x_wconf 85' lang='lat' dir='ltr'>successerit.</span> <span class='ocrx_word' id='word_1_227' title='bbox 759 2368 844 2429; x_wconf 86' lang='lat' dir='ltr'>Quum</span> <span class='ocrx_word' id='word_1_228' title='bbox 854 2377 935 2415; x_wconf 88' lang='lat' dir='ltr'>autem</span> <span class='ocrx_word' id='word_1_229' title='bbox 943 2384 1009 2416; x_wconf 84' lang='lat' dir='ltr'>anuo</span> <span class='ocrx_word' id='word_1_230' title='bbox 1016 2380 1111 2419; x_wconf 86' lang='lat' dir='ltr'>tantum</span> <span class='ocrx_word' id='word_1_231' title='bbox 1119 2375 1228 2425; x_wconf 79' lang='lat' dir='ltr'>DCCLx</span> 
     </span>
     <span class='ocr_line' id='line_1_26' title="bbox 147 2449 1228 2522; baseline -0.004 -20"><span class='ocrx_word' id='word_1_232' title='bbox 147 2459 232 2522; x_wconf 62' lang='lat' dir='ltr'>legatis</span> <span class='ocrx_word' id='word_1_233' title='bbox 244 2473 269 2502; x_wconf 88' lang='lat' dir='ltr'>se</span> <span class='ocrx_word' id='word_1_234' title='bbox 283 2455 372 2502; x_wconf 88' lang='lat' dir='ltr'>Noster</span> <span class='ocrx_word' id='word_1_235' title='bbox 385 2463 542 2513; x_wconf 86' lang='lat' dir='ltr'>annumeret,</span> <span class='ocrx_word' id='word_1_236' title='bbox 557 2453 680 2498; x_wconf 84' lang='lat' dir='ltr'>nescimus</span> <span class='ocrx_word' id='word_1_237' title='bbox 694 2461 776 2498; x_wconf 86' lang='lat' dir='ltr'>utrum</span> <span class='ocrx_word' id='word_1_238' title='bbox 787 2453 838 2512; x_wconf 87' lang='lat' dir='ltr'>jam</span> <span class='ocrx_word' id='word_1_239' title='bbox 850 2449 943 2514; x_wconf 81' lang='lat' dir='ltr'>legatus</span> <span class='ocrx_word' id='word_1_240' title='bbox 956 2469 1023 2501; x_wconf 89' lang='lat' dir='ltr'>anuo</span> <span class='ocrx_word' id='word_1_241' title='bbox 1035 2455 1156 2504; x_wconf 72' lang='lat' dir='ltr'>DCCLlll</span> <span class='ocrx_word' id='word_1_242' title='bbox 1169 2475 1228 2522; x_wconf 73' lang='lat' dir='ltr'>par.</span> 
     </span>
     <span class='ocr_line' id='line_1_27' title="bbox 147 2535 1228 2607; baseline -0.002 -14"><span class='ocrx_word' id='word_1_243' title='bbox 147 2555 196 2592; x_wconf 90' lang='lat' dir='ltr'>tem</span> <span class='ocrx_word' id='word_1_244' title='bbox 211 2539 333 2589; x_wconf 82' lang='lat' dir='ltr'>exercitus</span> <span class='ocrx_word' id='word_1_245' title='bbox 346 2536 377 2584; x_wconf 89' lang='lat' dir='ltr'>ad</span> <span class='ocrx_word' id='word_1_246' title='bbox 391 2537 520 2584; x_wconf 84' lang='lat' dir='ltr'>Tiberium</span> <span class='ocrx_word' id='word_1_247' title='bbox 534 2535 640 2582; x_wconf 84' lang='lat' dir='ltr'>duxerit.</span> <span class='ocrx_word' id='word_1_248' title='bbox 656 2535 752 2582; x_wconf 86' lang='lat' dir='ltr'>Novam</span> <span class='ocrx_word' id='word_1_249' title='bbox 766 2535 833 2582; x_wconf 88' lang='lat' dir='ltr'>enirn</span> <span class='ocrx_word' id='word_1_250' title='bbox 847 2535 983 2599; x_wconf 72' lang='lat' dir='ltr'>legionem,</span> <span class='ocrx_word' id='word_1_251' title='bbox 997 2538 1095 2587; x_wconf 89' lang='lat' dir='ltr'>absente</span> <span class='ocrx_word' id='word_1_252' title='bbox 1110 2541 1189 2607; x_wconf 75' lang='lat' dir='ltr'>legato</span> <span class='ocrx_word' id='word_1_253' title='bbox 1204 2557 1228 2594; x_wconf 84' lang='lat' dir='ltr'>et</span> 
     </span>
     <span class='ocr_line' id='line_1_28' title="bbox 146 2617 1226 2690; baseline -0.005 -15"><span class='ocrx_word' id='word_1_254' title='bbox 146 2628 246 2675; x_wconf 78' lang='lat' dir='ltr'>fortasse</span> <span class='ocrx_word' id='word_1_255' title='bbox 258 2624 309 2683; x_wconf 83' lang='lat' dir='ltr'>jam</span> <span class='ocrx_word' id='word_1_256' title='bbox 320 2620 348 2666; x_wconf 93' lang='lat' dir='ltr'>in</span> <span class='ocrx_word' id='word_1_257' title='bbox 359 2619 453 2666; x_wconf 85' lang='lat' dir='ltr'>Tiberii</span> <span class='ocrx_word' id='word_1_258' title='bbox 465 2618 549 2665; x_wconf 86' lang='lat' dir='ltr'>castris</span> <span class='ocrx_word' id='word_1_259' title='bbox 561 2627 686 2676; x_wconf 79' lang='lat' dir='ltr'>versante,</span> <span class='ocrx_word' id='word_1_260' title='bbox 699 2618 799 2666; x_wconf 85' lang='lat' dir='ltr'>sortasse</span> <span class='ocrx_word' id='word_1_261' title='bbox 809 2617 882 2672; x_wconf 85' lang='lat' dir='ltr'>etiarn</span> <span class='ocrx_word' id='word_1_262' title='bbox 892 2634 943 2666; x_wconf 91' lang='lat' dir='ltr'>non</span> <span class='ocrx_word' id='word_1_263' title='bbox 953 2618 1076 2684; x_wconf 75' lang='lat' dir='ltr'>legionem</span> <span class='ocrx_word' id='word_1_264' title='bbox 1088 2623 1226 2690; x_wconf 74' lang='lat' dir='ltr'>integram,</span> 
     </span>
    </p>

    <p class='ocr_par' dir='ltr' id='par_1_10' title="bbox 107 2703 1228 2939">
     <span class='ocr_line' id='line_1_29' title="bbox 146 2703 1098 2770; baseline -0.015 -8"><span class='ocrx_word' id='word_1_265' title='bbox 146 2713 190 2762; x_wconf 88' lang='lat' dir='ltr'>sed</span> <span class='ocrx_word' id='word_1_266' title='bbox 202 2711 317 2760; x_wconf 88' lang='lat' dir='ltr'>cobortes</span> <span class='ocrx_word' id='word_1_267' title='bbox 327 2707 354 2754; x_wconf 92' lang='lat' dir='ltr'>in</span> <span class='ocrx_word' id='word_1_268' title='bbox 365 2706 562 2770; x_wconf 87' lang='lat' dir='ltr'>supplementum</span> <span class='ocrx_word' id='word_1_269' title='bbox 571 2705 644 2753; x_wconf 86' lang='lat' dir='ltr'>lectas</span> <span class='ocrx_word' id='word_1_270' title='bbox 654 2703 744 2751; x_wconf 88' lang='lat' dir='ltr'>ducere</span> <span class='ocrx_word' id='word_1_271' title='bbox 754 2704 842 2768; x_wconf 89' lang='lat' dir='ltr'>potuit.</span> <span class='ocrx_word' id='word_1_272' title='bbox 1095 2760 1098 2766; x_wconf 29' lang='grc' dir='ltr'><strong><em>Ι</em></strong></span> 
     </span>
     <span class='ocr_line' id='line_1_30' title="bbox 107 2781 1227 2859; baseline 0.005 -21"><span class='ocrx_word' id='word_1_273' title='bbox 107 2781 110 2785; x_wconf 58' lang='grc'><strong><em>’</em></strong></span> <span class='ocrx_word' id='word_1_274' title='bbox 182 2795 267 2843; x_wconf 82' lang='lat' dir='ltr'>Unum</span> <span class='ocrx_word' id='word_1_275' title='bbox 280 2790 322 2837; x_wconf 88' lang='lat' dir='ltr'>hic</span> <span class='ocrx_word' id='word_1_276' title='bbox 334 2799 444 2838; x_wconf 85' lang='lat' dir='ltr'>moratur</span> <span class='ocrx_word' id='word_1_277' title='bbox 457 2787 572 2836; x_wconf 86' lang='lat' dir='ltr'>homines</span> <span class='ocrx_word' id='word_1_278' title='bbox 584 2787 682 2845; x_wconf 86' lang='lat' dir='ltr'>doctos,</span> <span class='ocrx_word' id='word_1_279' title='bbox 695 2786 762 2849; x_wconf 85' lang='lat' dir='ltr'>qnod</span> <span class='ocrx_word' id='word_1_280' title='bbox 780 2786 873 2834; x_wconf 89' lang='lat' dir='ltr'>scilicet</span> <span class='ocrx_word' id='word_1_281' title='bbox 888 2799 1034 2852; x_wconf 83' lang='lat' dir='ltr'>quaestorem</span> <span class='ocrx_word' id='word_1_282' title='bbox 1053 2792 1227 2859; x_wconf 80' lang='lat' dir='ltr'>designatum,</span> 
     </span>
     <span class='ocr_line' id='line_1_31' title="bbox 145 2871 1228 2939; baseline 0.002 -13"><span class='ocrx_word' id='word_1_283' title='bbox 145 2878 252 2929; x_wconf 86' lang='lat' dir='ltr'>necdum</span> <span class='ocrx_word' id='word_1_284' title='bbox 268 2886 419 2932; x_wconf 85' lang='lat' dir='ltr'>senatorem,</span> <span class='ocrx_word' id='word_1_285' title='bbox 432 2882 554 2936; x_wconf 76' lang='lat' dir='ltr'>sequutum</span> <span class='ocrx_word' id='word_1_286' title='bbox 570 2888 595 2918; x_wconf 90' lang='lat' dir='ltr'>se</span> <span class='ocrx_word' id='word_1_287' title='bbox 614 2871 679 2917; x_wconf 85' lang='lat' dir='ltr'>dicat</span> <span class='ocrx_word' id='word_1_288' title='bbox 696 2871 864 2930; x_wconf 82' lang='lat' dir='ltr'>senatoribus,</span> <span class='ocrx_word' id='word_1_289' title='bbox 882 2873 955 2920; x_wconf 86' lang='lat' dir='ltr'>etiarn</span> <span class='ocrx_word' id='word_1_290' title='bbox 969 2872 1100 2939; x_wconf 77' lang='lat' dir='ltr'>designatis</span> <span class='ocrx_word' id='word_1_291' title='bbox 1119 2879 1228 2931; x_wconf 88' lang='lat' dir='ltr'>tribunis</span> 
     </span>
    </p>
   </div>
   <div class='ocr_carea' id='block_1_3' title="bbox 49 2955 1227 3029">
    <p class='ocr_par' dir='ltr' id='par_1_11' title="bbox 49 2955 1227 3029">
     <span class='ocr_line' id='line_1_32' title="bbox 49 2955 1227 3029; baseline -0.002 -16"><span class='ocrx_word' id='word_1_292' title='bbox 49 2987 52 2991; x_wconf 49' lang='lat'><strong>⁴</strong></span> <span class='ocrx_word' id='word_1_293' title='bbox 144 2963 236 3029; x_wconf 87' lang='lat' dir='ltr'>plebei.</span> <span class='ocrx_word' id='word_1_294' title='bbox 245 2963 332 3010; x_wconf 84' lang='lat' dir='ltr'>Varias</span> <span class='ocrx_word' id='word_1_295' title='bbox 345 2960 506 3022; x_wconf 87' lang='lat' dir='ltr'>interpretum</span> <span class='ocrx_word' id='word_1_296' title='bbox 517 2955 736 3004; x_wconf 86' lang='lat' dir='ltr'>commentationes</span> <span class='ocrx_word' id='word_1_297' title='bbox 750 2972 782 3002; x_wconf 95' lang='lat' dir='ltr'>ne</span> <span class='ocrx_word' id='word_1_298' title='bbox 793 2956 881 3003; x_wconf 84' lang='lat' dir='ltr'>referre</span> <span class='ocrx_word' id='word_1_299' title='bbox 896 2957 997 3019; x_wconf 92' lang='lat' dir='ltr'>quidem</span> <span class='ocrx_word' id='word_1_300' title='bbox 1010 2969 1093 3007; x_wconf 88' lang='lat' dir='ltr'>nostra</span> <span class='ocrx_word' id='word_1_301' title='bbox 1104 2961 1227 3012; x_wconf 78' lang='lat' dir='ltr'>festinatio</span> 
     </span>
    </p>
   </div>
   <div class='ocr_carea' id='block_1_4' title="bbox 142 3038 1227 3948">
    <p class='ocr_par' dir='ltr' id='par_1_12' title="bbox 142 3038 1227 3528">
     <span class='ocr_line' id='line_1_33' title="bbox 142 3038 1227 3114; baseline -0.001 -18"><span class='ocrx_word' id='word_1_302' title='bbox 142 3049 250 3114; x_wconf 78' lang='lat' dir='ltr'>patitur:</span> <span class='ocrx_word' id='word_1_303' title='bbox 269 3045 312 3094; x_wconf 89' lang='lat' dir='ltr'>sed</span> <span class='ocrx_word' id='word_1_304' title='bbox 329 3045 430 3092; x_wconf 81' lang='lat' dir='ltr'>fortasse</span> <span class='ocrx_word' id='word_1_305' title='bbox 447 3041 527 3089; x_wconf 85' lang='lat' dir='ltr'>labori</span> <span class='ocrx_word' id='word_1_306' title='bbox 543 3050 567 3087; x_wconf 90' lang='lat' dir='ltr'>et</span> <span class='ocrx_word' id='word_1_307' title='bbox 583 3038 673 3086; x_wconf 80' lang='lat' dir='ltr'>chartre</span> <span class='ocrx_word' id='word_1_308' title='bbox 686 3039 866 3103; x_wconf 87' lang='lat' dir='ltr'>pepercissent,</span> <span class='ocrx_word' id='word_1_309' title='bbox 881 3040 902 3087; x_wconf 89' lang='lat' dir='ltr'>si</span> <span class='ocrx_word' id='word_1_310' title='bbox 917 3040 1079 3104; x_wconf 79' lang='lat' dir='ltr'>quibusdam,</span> <span class='ocrx_word' id='word_1_311' title='bbox 1098 3060 1153 3092; x_wconf 91' lang='lat' dir='ltr'>non</span> <span class='ocrx_word' id='word_1_312' title='bbox 1166 3062 1227 3095; x_wconf 80' lang='lat' dir='ltr'>vero</span> 
     </span>
     <span class='ocr_line' id='line_1_34' title="bbox 145 3123 1226 3190; baseline -0.001 -10"><span class='ocrx_word' id='word_1_313' title='bbox 145 3132 257 3180; x_wconf 79' lang='lat' dir='ltr'>omnibus</span> <span class='ocrx_word' id='word_1_314' title='bbox 278 3128 385 3178; x_wconf 87' lang='lat' dir='ltr'>tribunis</span> <span class='ocrx_word' id='word_1_315' title='bbox 404 3125 486 3190; x_wconf 90' lang='lat' dir='ltr'>plebei</span> <span class='ocrx_word' id='word_1_316' title='bbox 510 3123 641 3187; x_wconf 83' lang='lat' dir='ltr'>designatis</span> <span class='ocrx_word' id='word_1_317' title='bbox 660 3133 780 3186; x_wconf 76' lang='lat' dir='ltr'>aequatum</span> <span class='ocrx_word' id='word_1_318' title='bbox 799 3125 873 3172; x_wconf 78' lang='lat' dir='ltr'>luisse</span> <span class='ocrx_word' id='word_1_319' title='bbox 895 3125 1017 3173; x_wconf 83' lang='lat' dir='ltr'>Velleium</span> <span class='ocrx_word' id='word_1_320' title='bbox 1039 3128 1226 3180; x_wconf 79' lang='lat' dir='ltr'>intellexissent.</span> 
     </span>
     <span class='ocr_line' id='line_1_35' title="bbox 145 3207 1226 3281; baseline -0.008 -17"><span class='ocrx_word' id='word_1_321' title='bbox 145 3217 255 3276; x_wconf 86' lang='lat' dir='ltr'>Partem,</span> <span class='ocrx_word' id='word_1_322' title='bbox 268 3214 366 3278; x_wconf 88' lang='lat' dir='ltr'>inquit,</span> <span class='ocrx_word' id='word_1_323' title='bbox 380 3209 500 3259; x_wconf 87' lang='lat' dir='ltr'>exercitus</span> <span class='ocrx_word' id='word_1_324' title='bbox 514 3208 590 3266; x_wconf 82' lang='lat' dir='ltr'>duxi,</span> <span class='ocrx_word' id='word_1_325' title='bbox 606 3217 715 3270; x_wconf 82' lang='lat' dir='ltr'>aequatus</span> <span class='ocrx_word' id='word_1_326' title='bbox 732 3207 824 3256; x_wconf 88' lang='lat' dir='ltr'>scilicet</span> <span class='ocrx_word' id='word_1_327' title='bbox 836 3208 882 3266; x_wconf 92' lang='lat' dir='ltr'>iis,</span> <span class='ocrx_word' id='word_1_328' title='bbox 896 3210 939 3271; x_wconf 86' lang='lat' dir='ltr'>qui</span> <span class='ocrx_word' id='word_1_329' title='bbox 951 3219 1048 3259; x_wconf 81' lang='lat' dir='ltr'>caeteras</span> <span class='ocrx_word' id='word_1_330' title='bbox 1062 3211 1156 3260; x_wconf 84' lang='lat' dir='ltr'>duxere</span> <span class='ocrx_word' id='word_1_331' title='bbox 1168 3232 1226 3281; x_wconf 61' lang='lat' dir='ltr'>par.</span> 
     </span>
     <span class='ocr_line' id='line_1_36' title="bbox 145 3290 1226 3363; baseline -0.008 -16"><span class='ocrx_word' id='word_1_332' title='bbox 145 3311 195 3360; x_wconf 85' lang='lat' dir='ltr'>tes,</span> <span class='ocrx_word' id='word_1_333' title='bbox 208 3300 318 3363; x_wconf 87' lang='lat' dir='ltr'>quamvis</span> <span class='ocrx_word' id='word_1_334' title='bbox 328 3295 498 3352; x_wconf 83' lang='lat' dir='ltr'>senatoribus,</span> <span class='ocrx_word' id='word_1_335' title='bbox 513 3303 553 3340; x_wconf 90' lang='lat' dir='ltr'>aut</span> <span class='ocrx_word' id='word_1_336' title='bbox 567 3291 639 3338; x_wconf 87' lang='lat' dir='ltr'>etiam</span> <span class='ocrx_word' id='word_1_337' title='bbox 650 3291 781 3356; x_wconf 79' lang='lat' dir='ltr'>designatis</span> <span class='ocrx_word' id='word_1_338' title='bbox 796 3290 901 3338; x_wconf 88' lang='lat' dir='ltr'>tribunis</span> <span class='ocrx_word' id='word_1_339' title='bbox 912 3292 1001 3356; x_wconf 86' lang='lat' dir='ltr'>plebei.</span> <span class='ocrx_word' id='word_1_340' title='bbox 1011 3295 1136 3343; x_wconf 87' lang='lat' dir='ltr'>Nimirum</span> <span class='ocrx_word' id='word_1_341' title='bbox 1148 3299 1226 3363; x_wconf 75' lang='lat' dir='ltr'>signi.</span> 
     </span>
     <span class='ocr_line' id='line_1_37' title="bbox 144 3375 1226 3446; baseline -0.001 -14"><span class='ocrx_word' id='word_1_342' title='bbox 144 3381 202 3433; x_wconf 87' lang='lat' dir='ltr'>ficat</span> <span class='ocrx_word' id='word_1_343' title='bbox 213 3380 332 3446; x_wconf 87' lang='lat' dir='ltr'>quosdam</span> <span class='ocrx_word' id='word_1_344' title='bbox 350 3379 426 3426; x_wconf 89' lang='lat' dir='ltr'>bodie</span> <span class='ocrx_word' id='word_1_345' title='bbox 442 3376 517 3424; x_wconf 84' lang='lat' dir='ltr'>nobis</span> <span class='ocrx_word' id='word_1_346' title='bbox 528 3375 681 3439; x_wconf 80' lang='lat' dir='ltr'>incognitos,</span> <span class='ocrx_word' id='word_1_347' title='bbox 695 3376 796 3438; x_wconf 85' lang='lat' dir='ltr'>majoris</span> <span class='ocrx_word' id='word_1_348' title='bbox 811 3386 869 3424; x_wconf 90' lang='lat' dir='ltr'>tunc</span> <span class='ocrx_word' id='word_1_349' title='bbox 879 3376 1025 3426; x_wconf 87' lang='lat' dir='ltr'>celebritatis</span> <span class='ocrx_word' id='word_1_350' title='bbox 1035 3379 1117 3441; x_wconf 83' lang='lat' dir='ltr'>viros,</span> <span class='ocrx_word' id='word_1_351' title='bbox 1133 3384 1226 3446; x_wconf 88' lang='lat' dir='ltr'>quibus</span> 
     </span>
     <span class='ocr_line' id='line_1_38' title="bbox 145 3459 1033 3528; baseline -0.005 -13"><span class='ocrx_word' id='word_1_352' title='bbox 145 3484 171 3515; x_wconf 93' lang='lat' dir='ltr'>ae</span> <span class='ocrx_word' id='word_1_353' title='bbox 184 3465 342 3515; x_wconf 86' lang='lat' dir='ltr'>assimilatum</span> <span class='ocrx_word' id='word_1_354' title='bbox 357 3461 490 3525; x_wconf 85' lang='lat' dir='ltr'>aliquando</span> <span class='ocrx_word' id='word_1_355' title='bbox 505 3459 578 3509; x_wconf 86' lang='lat' dir='ltr'>fnisse</span> <span class='ocrx_word' id='word_1_356' title='bbox 592 3476 643 3507; x_wconf 91' lang='lat' dir='ltr'>nou</span> <span class='ocrx_word' id='word_1_357' title='bbox 656 3461 719 3508; x_wconf 86' lang='lat' dir='ltr'>inter</span> <span class='ocrx_word' id='word_1_358' title='bbox 733 3462 829 3509; x_wconf 87' lang='lat' dir='ltr'>ultimas</span> <span class='ocrx_word' id='word_1_359' title='bbox 842 3461 942 3510; x_wconf 86' lang='lat' dir='ltr'>laudum</span> <span class='ocrx_word' id='word_1_360' title='bbox 955 3463 1033 3528; x_wconf 90' lang='lat' dir='ltr'>ponit.</span> 
     </span>
    </p>

    <p class='ocr_par' dir='ltr' id='par_1_13' title="bbox 146 3543 1227 3948">
     <span class='ocr_line' id='line_1_39' title="bbox 182 3543 1226 3615; baseline 0.002 -17"><span class='ocrx_word' id='word_1_361' title='bbox 182 3553 288 3600; x_wconf 84' lang='lat' dir='ltr'>Romam</span> <span class='ocrx_word' id='word_1_362' title='bbox 305 3546 396 3595; x_wconf 89' lang='lat' dir='ltr'>deinde</span> <span class='ocrx_word' id='word_1_363' title='bbox 413 3546 502 3593; x_wconf 87' lang='lat' dir='ltr'>iterum</span> <span class='ocrx_word' id='word_1_364' title='bbox 523 3543 624 3592; x_wconf 87' lang='lat' dir='ltr'>rediisse</span> <span class='ocrx_word' id='word_1_365' title='bbox 641 3544 739 3592; x_wconf 84' lang='lat' dir='ltr'>videtur</span> <span class='ocrx_word' id='word_1_366' title='bbox 756 3545 787 3593; x_wconf 91' lang='lat' dir='ltr'>ad</span> <span class='ocrx_word' id='word_1_367' title='bbox 805 3556 950 3609; x_wconf 71' lang='lat' dir='ltr'>quaesturam</span> <span class='ocrx_word' id='word_1_368' title='bbox 969 3547 1120 3596; x_wconf 84' lang='lat' dir='ltr'>obeundam.</span> <span class='ocrx_word' id='word_1_369' title='bbox 1138 3553 1226 3615; x_wconf 90' lang='lat' dir='ltr'>ltaque</span> 
     </span>
     <span class='ocr_line' id='line_1_40' title="bbox 147 3628 1226 3693; baseline -0.001 -11"><span class='ocrx_word' id='word_1_370' title='bbox 147 3635 206 3682; x_wconf 91' lang='lat' dir='ltr'>anni</span> <span class='ocrx_word' id='word_1_371' title='bbox 225 3632 333 3687; x_wconf 73' lang='lat' dir='ltr'>ncctx</span> <span class='ocrx_word' id='word_1_372' title='bbox 349 3629 479 3678; x_wconf 78' lang='lat' dir='ltr'>maximnm</span> <span class='ocrx_word' id='word_1_373' title='bbox 497 3638 591 3692; x_wconf 86' lang='lat' dir='ltr'>partem</span> <span class='ocrx_word' id='word_1_374' title='bbox 607 3628 655 3691; x_wconf 82' lang='lat' dir='ltr'>egit</span> <span class='ocrx_word' id='word_1_375' title='bbox 667 3629 766 3686; x_wconf 83' lang='lat' dir='ltr'>Romae,</span> <span class='ocrx_word' id='word_1_376' title='bbox 779 3645 867 3676; x_wconf 80' lang='lat' dir='ltr'>vacans</span> <span class='ocrx_word' id='word_1_377' title='bbox 878 3628 969 3676; x_wconf 88' lang='lat' dir='ltr'>scilicet</span> <span class='ocrx_word' id='word_1_378' title='bbox 981 3631 1125 3679; x_wconf 88' lang='lat' dir='ltr'>muneribus</span> <span class='ocrx_word' id='word_1_379' title='bbox 1135 3632 1226 3693; x_wconf 84' lang='lat' dir='ltr'>officii;</span> 
     </span>
     <span class='ocr_line' id='line_1_41' title="bbox 148 3711 1227 3781; baseline -0.002 -13"><span class='ocrx_word' id='word_1_380' title='bbox 148 3735 202 3769; x_wconf 91' lang='lat' dir='ltr'>non</span> <span class='ocrx_word' id='word_1_381' title='bbox 212 3720 336 3781; x_wconf 73' lang='lat' dir='ltr'>integrum</span> <span class='ocrx_word' id='word_1_382' title='bbox 348 3726 544 3768; x_wconf 75' lang='lat' dir='ltr'>camenarum,</span> <span class='ocrx_word' id='word_1_383' title='bbox 556 3713 578 3759; x_wconf 94' lang='lat' dir='ltr'>si</span> <span class='ocrx_word' id='word_1_384' title='bbox 588 3711 688 3774; x_wconf 88' lang='lat' dir='ltr'>quidem</span> <span class='ocrx_word' id='word_1_385' title='bbox 701 3712 753 3776; x_wconf 90' lang='lat' dir='ltr'>ipse</span> <span class='ocrx_word' id='word_1_386' title='bbox 765 3730 785 3760; x_wconf 95' lang='lat' dir='ltr'>c.</span> <span class='ocrx_word' id='word_1_387' title='bbox 800 3723 860 3772; x_wconf 71' lang='lat' dir='ltr'>rot,</span> <span class='ocrx_word' id='word_1_388' title='bbox 871 3713 886 3778; x_wconf 72' lang='grc' dir='ltr'><strong>ς</strong></span> <span class='ocrx_word' id='word_1_389' title='bbox 899 3714 926 3772; x_wconf 82' lang='grc'>3,</span> <span class='ocrx_word' id='word_1_390' title='bbox 937 3725 993 3763; x_wconf 84' lang='lat' dir='ltr'>octo</span> <span class='ocrx_word' id='word_1_391' title='bbox 1003 3716 1135 3764; x_wconf 88' lang='lat' dir='ltr'>continuos</span> <span class='ocrx_word' id='word_1_392' title='bbox 1146 3733 1227 3766; x_wconf 90' lang='lat' dir='ltr'>annos</span> 
     </span>
     <span class='ocr_line' id='line_1_42' title="bbox 148 3791 1226 3863; baseline -0.003 -13"><span class='ocrx_word' id='word_1_393' title='bbox 148 3818 174 3850; x_wconf 84' lang='lat' dir='ltr'>sa</span> <span class='ocrx_word' id='word_1_394' title='bbox 184 3817 241 3849; x_wconf 90' lang='lat' dir='ltr'>cum</span> <span class='ocrx_word' id='word_1_395' title='bbox 250 3798 352 3847; x_wconf 85' lang='lat' dir='ltr'>Tiberio</span> <span class='ocrx_word' id='word_1_396' title='bbox 366 3797 480 3844; x_wconf 86' lang='lat' dir='ltr'>militasse</span> <span class='ocrx_word' id='word_1_397' title='bbox 491 3791 661 3859; x_wconf 86' lang='lat' dir='ltr'>profitebatur.</span> <span class='ocrx_word' id='word_1_398' title='bbox 671 3793 722 3841; x_wconf 83' lang='lat' dir='ltr'>Sub</span> <span class='ocrx_word' id='word_1_399' title='bbox 735 3792 811 3843; x_wconf 87' lang='lat' dir='ltr'>linem</span> <span class='ocrx_word' id='word_1_400' title='bbox 825 3807 951 3859; x_wconf 67' lang='lat' dir='ltr'>questura</span> <span class='ocrx_word' id='word_1_401' title='bbox 963 3797 1078 3858; x_wconf 78' lang='lat' dir='ltr'>urbanae,</span> <span class='ocrx_word' id='word_1_402' title='bbox 1091 3798 1226 3863; x_wconf 73' lang='lat' dir='ltr'>designatis</span> 
     </span>
     <span class='ocr_line' id='line_1_43' title="bbox 146 3878 1227 3948; baseline -0.001 -16"><span class='ocrx_word' id='word_1_403' title='bbox 146 3887 198 3948; x_wconf 80' lang='lat' dir='ltr'>J&#39;am</span> <span class='ocrx_word' id='word_1_404' title='bbox 213 3884 240 3931; x_wconf 91' lang='lat' dir='ltr'>in</span> <span class='ocrx_word' id='word_1_405' title='bbox 253 3882 395 3946; x_wconf 85' lang='lat' dir='ltr'>proximum</span> <span class='ocrx_word' id='word_1_406' title='bbox 410 3896 501 3927; x_wconf 87' lang='lat' dir='ltr'>aunum</span> <span class='ocrx_word' id='word_1_407' title='bbox 513 3878 692 3943; x_wconf 77' lang='lat' dir='ltr'>quaestoribus,</span> <span class='ocrx_word' id='word_1_408' title='bbox 706 3879 786 3926; x_wconf 78' lang='lat' dir='ltr'>caeteri</span> <span class='ocrx_word' id='word_1_409' title='bbox 801 3880 941 3945; x_wconf 72' lang='lat' dir='ltr'>magistratu</span> <span class='ocrx_word' id='word_1_410' title='bbox 954 3892 1072 3930; x_wconf 88' lang='lat' dir='ltr'>exeuntes</span> <span class='ocrx_word' id='word_1_411' title='bbox 1082 3883 1227 3945; x_wconf 86' lang='lat' dir='ltr'>provincias</span> 
     </span>
    </p>
   </div>
   <div class='ocr_carea' id='block_1_5' title="bbox 51 3963 1225 4031">
    <p class='ocr_par' dir='ltr' id='par_1_14' title="bbox 51 3963 1225 4031">
     <span class='ocr_line' id='line_1_44' title="bbox 51 3963 1225 4031; baseline -0.002 -13"><span class='ocrx_word' id='word_1_412' title='bbox 51 3990 55 3999; x_wconf 55' lang='lat'><strong><em>¹</em></strong></span> <span class='ocrx_word' id='word_1_413' title='bbox 150 3969 323 4018; x_wconf 84' lang='lat' dir='ltr'>sortiebantur.</span> <span class='ocrx_word' id='word_1_414' title='bbox 338 3968 409 4013; x_wconf 88' lang='lat' dir='ltr'>Tunc</span> <span class='ocrx_word' id='word_1_415' title='bbox 425 3981 483 4012; x_wconf 86' lang='lat' dir='ltr'>vero</span> <span class='ocrx_word' id='word_1_416' title='bbox 500 3964 602 4024; x_wconf 89' lang='lat' dir='ltr'>Noster,</span> <span class='ocrx_word' id='word_1_417' title='bbox 614 3980 666 4027; x_wconf 91' lang='lat' dir='ltr'>cap.</span> <span class='ocrx_word' id='word_1_418' title='bbox 681 3979 742 4024; x_wconf 85' lang='grc' dir='ltr'>ιιι,</span> <span class='ocrx_word' id='word_1_419' title='bbox 753 3963 768 4028; x_wconf 72' lang='lat'>5</span> <span class='ocrx_word' id='word_1_420' title='bbox 779 3973 806 4023; x_wconf 69' lang='lat' dir='ltr'>t,</span> <span class='ocrx_word' id='word_1_421' title='bbox 819 3977 943 4027; x_wconf 73' lang='lat' dir='ltr'>quaestura</span> <span class='ocrx_word' id='word_1_422' title='bbox 959 3966 1117 4031; x_wconf 85' lang='lat' dir='ltr'>provincialis</span> <span class='ocrx_word' id='word_1_423' title='bbox 1132 3979 1225 4016; x_wconf 85' lang='lat' dir='ltr'>sortem</span> 
     </span>
    </p>
   </div>
   <div class='ocr_carea' id='block_1_6' title="bbox 151 4046 1225 4118">
    <p class='ocr_par' dir='ltr' id='par_1_15' title="bbox 151 4046 1225 4118">
     <span class='ocr_line' id='line_1_45' title="bbox 151 4046 1225 4118; baseline 0 -18"><span class='ocrx_word' id='word_1_424' title='bbox 151 4053 270 4117; x_wconf 77' lang='lat' dir='ltr'>neglexit,</span> <span class='ocrx_word' id='word_1_425' title='bbox 281 4050 392 4099; x_wconf 85' lang='lat' dir='ltr'>adulator</span> <span class='ocrx_word' id='word_1_426' title='bbox 401 4049 490 4108; x_wconf 86' lang='lat' dir='ltr'>homo,</span> <span class='ocrx_word' id='word_1_427' title='bbox 504 4049 547 4114; x_wconf 84' lang='lat' dir='ltr'>qui</span> <span class='ocrx_word' id='word_1_428' title='bbox 557 4063 680 4112; x_wconf 86' lang='lat' dir='ltr'>nusquam</span> <span class='ocrx_word' id='word_1_429' title='bbox 691 4063 705 4096; x_wconf 91' lang='lat' dir='ltr'>a</span> <span class='ocrx_word' id='word_1_430' title='bbox 716 4046 811 4096; x_wconf 85' lang='lat' dir='ltr'>Tiberii</span> <span class='ocrx_word' id='word_1_431' title='bbox 824 4048 897 4098; x_wconf 82' lang='lat' dir='ltr'>latere</span> <span class='ocrx_word' id='word_1_432' title='bbox 910 4049 1035 4100; x_wconf 90' lang='lat' dir='ltr'>discedere</span> <span class='ocrx_word' id='word_1_433' title='bbox 1045 4049 1132 4111; x_wconf 61' lang='lat' dir='ltr'>vellen</span> <span class='ocrx_word' id='word_1_434' title='bbox 1142 4051 1225 4118; x_wconf 83' lang='lat' dir='ltr'>itaque</span> 
     </span>
    </p>
   </div>
   <div class='ocr_carea' id='block_1_7' title="bbox 0 0 1340 4836">
    <p class='ocr_par' dir='ltr' id='par_1_16' title="bbox 0 0 1340 4836">
     <span class='ocr_line' id='line_1_46' title="bbox 0 0 1340 4836; baseline 0 0"><span class='ocrx_word' id='word_1_435' title='bbox 0 0 1340 4836; x_wconf 95' lang='lat' dir='ltr'> </span> 
     </span>
    </p>
   </div>
  </div>
 </body>
</html>
