2670 4836
270 359 335 423 ua
357 359 395 423 c.
418 359 629 425 saccaro
653 359 952 432 caenaculo.
1099 329 1160 444 xit¹

109 478 189 543 Ipsius
202 475 291 524 Velleii
304 477 355 523 vita
371 492 439 524 nunc
456 476 556 524 videtur
568 479 745 543 exsequenda:
763 497 851 545 parum
865 482 904 530 illa
918 481 1067 538 difficultatis
1084 494 1153 543 affert

76 562 207 627 presertim
216 571 274 625 post
283 560 422 608 elaboratos
432 577 445 608 a
456 560 585 610 Dodwello
595 561 735 611 Velieianos
748 564 865 625 annales,
880 583 912 614 ex
921 568 1012 631 quihus
1022 587 1152 640 excerpere

75 656 107 694 sat
120 645 167 693 erit
181 660 209 692 ea
224 661 279 708 qnae
292 645 400 692 maxim
414 643 444 692 ad
459 660 512 693 rem
524 646 602 694 iacere
617 646 783 709 videbuntur,
797 649 912 712 sublatis,
929 654 950 700 si
965 656 1008 718 qni
1022 659 1152 709 manifsaro

74 730 261 794 subrepserant,
275 729 409 777 erroribus.

105 811 214 862 Delinita
232 823 283 860 erat
299 811 365 876 apud
380 813 508 860 Romanos
525 813 635 877 legibus,
649 831 710 878 quas
727 817 846 865 vocabant
862 821 988 880 annarias,
1002 840 1045 872 sna
1064 827 1153 891 cuique

73 897 221 962 magistratui
230 896 381 961 capessendo
387 907 451 944 etas.
459 896 566 945 Lubente
574 897 711 962 republica,
718 897 781 947 duos
790 915 869 948 runos
877 918 909 949 ex
918 903 1018 968 antiqua
1024 909 1152 959 sever-itate

73 981 150 1046 legum
168 980 323 1044 indulgentia
341 981 474 1028 remiserat.
494 982 559 1028 AEtas
576 975 792 1044 quaestoria,'quse
805 983 890 1032 eadem
904 996 955 1033 erat
968 990 1043 1052 primi
1058 991 1089 1038 ad
1105 993 1153 1042 ho·

72 1081 142 1112 nores
151 1064 250 1123 aditus,
264 1063 398 1127 primuque
406 1064 434 1111 iu
446 1073 557 1110 senatum
568 1063 737 1122 admissionis,
746 1080 826 1130 annus
837 1078 887 1115 erat
898 1070 1028 1119 vicesimus
1039 1076 1152 1137 quintus,

71 1146 152 1194 labens
170 1145 307 1205 nimirum,
326 1145 426 1211 expleto
443 1146 562 1194 duntaxat
582 1147 699 1195 vicesimo
716 1159 813 1211 quarto.
830 1150 963 1200 Constabat
981 1157 1072 1204 scilicet
1090 1159 1152 1207 illud

72 1232 178 1295 primum
193 1230 250 1276 vitre
264 1230 369 1294 spatium
384 1246 398 1278 e
412 1230 511 1279 duobus
524 1229 665 1278 intervallis.
680 1231 791 1280 Alterum
801 1235 915 1298 pueritiae
928 1248 995 1297 erat,
1013 1241 1045 1288 ad
1058 1258 1151 1292 annum

72 1315 144 1362 etatis
154 1316 220 1361 nv
230 1332 237 1360 ι
249 1330 301 1377 quo
310 1315 360 1374 jam
369 1315 467 1378 elapso,
481 1324 562 1378 togam
573 1314 668 1363 virilem
676 1331 772 1363 sumere
784 1317 908 1379 solebant,
918 1331 1000 1386 togam
1009 1334 1152 1387 pretextam

73 1414 171 1458 exuere,
179 1398 253 1446 etiam
262 1408 402 1446 senatorum
410 1396 463 1446 lilii.
471 1398 534 1446 Inde
542 1397 635 1447 militia
643 1400 805 1464 tyrocinium,
813 1419 886 1466 quam
895 1404 1008 1456 militiam
1017 1422 1152 1473 equestrem

73 1483 160 1531 Noster
168 1493 253 1542 rocat;
266 1483 336 1542 cujus
346 1482 442 1531 decimo
455 1484 579 1548 stipendio
590 1483 675 1544 linito,
686 1495 745 1532 tunc
753 1484 853 1533 demum
864 1488 932 1536 licuit
943 1490 1150 1556 adolescentibus,

73 1567 140 1615 etiam
149 1567 293 1624 nobilibus,
306 1567 415 1615 honores
426 1577 509 1631 petere
521 1570 670 1628 senatorios,
683 1581 756 1633 atque
768 1587 800 1618 ex
813 1573 936 1636 equitibus
948 1588 1072 1626 senatores
1088 1578 1151 1630 lieri.

72 1657 153 1718 toque
167 1653 267 1702 decimo
275 1653 400 1718 stipendio
411 1655 546 1717 completo,
554 1671 634 1702 annus
643 1665 829 1718 eratqnesturae
841 1675 893 1706 uon
903 1661 1005 1724 quidem
1018 1663 1148 1731 ineunda,

74 1737 113 1784 sed
125 1736 265 1785 ambienda
275 1748 371 1796 tamen,
384 1748 455 1801 atque
467 1737 759 1802 designandae.1)odsrell
768 1742 836 1790 Anu.
847 1743 909 1790 Vell.
918 1760 970 1808 cap.
979 1746 1004 1793 ⁵.

102 1821 148 1869 liis
157 1837 268 1869 romanae
279 1821 415 1884 disciplinae
427 1816 522 1885 iegibus
536 1820 638 1868 feliciter
646 1837 705 1871 usus
716 1834 752 1871 est
763 1825 904 1874 Dodrrellus
914 1827 945 1875 ad
954 1828 1150 1894 investigandam

70 1904 156 1951 Velleii
171 1913 276 1952 etatem.
289 1903 358 1964 Nos,
373 1912 492 1967 quantum
506 1902 590 1950 licebit
604 1904 711 1967 vestigiis
725 1907 778 1966 ejus
791 1907 945 1969 insistentes,
962 1910 1056 1960 ueilem
1071 1915 1150 1981 impe.

70 1987 187 2036 trahimus
199 1988 313 2048 veniam,
328 1988 348 2035 si
360 1988 463 2034 lectores
477 1986 508 2033 ad
521 2002 614 2034 annum
626 1987 715 2035 Velleii
727 1989 830 2037 natalem
843 2007 889 2054 per
903 1992 1060 2057 diverticula,
1072 2014 1150 2061 quun

69 2071 112 2117 alia
125 2087 179 2119 non
192 2080 307 2136 suppetat
320 2071 373 2130 via,
388 2071 541 2118 duxerimus.

101 2155 179 2219 Atqui
194 2155 278 2203 statuit
291 2154 344 2219 ipse
359 2155 482 2212 Velleius,
498 2155 514 2202 l.
530 2156 571 2213 11,
584 2170 605 2203 c.
621 2171 681 2216 ror,
693 2154 708 2219 5
720 2171 752 2213 a,
766 2156 947 2220 stipendiorum
962 2176 1064 2208 snorum
1078 2164 1149 2212 initia

69 2255 132 2287 anno
151 2239 291 2299 DOCLIV,
312 2254 365 2286 aerae
384 2238 500 2286 nostratis
519 2239 619 2303 primo,
639 2254 716 2301 quum
735 2240 763 2286 C.
781 2239 860 2288 Cesar
877 2242 964 2288 consul
984 2242 1015 2290 ad
1035 2245 1149 2296 visendas

68 2323 177 2371 Orientis
195 2323 335 2388 provincias
349 2323 436 2370 missus
451 2334 487 2370 est
504 2321 535 2369 ab
552 2321 824 2385 August0.'1¹uncipse
836 2322 951 2370 tribunus
964 2335 1015 2371 erat
1028 2325 1147 2386 militum

69 2421 112 2452 nec
130 2407 189 2453 satis
203 2415 357 2470 compertum
375 2416 411 2452 est
428 2414 511 2452 utrum
529 2403 643 2452 tribunus
661 2402 766 2450 rnilitum
784 2404 863 2466 prima
880 2405 1003 2468 stipendia
1017 2410 1149 2476 meruerit,

69 2503 139 2550 qnam
158 2489 257 2535 reniam
272 2498 412 2535 senatorum
428 2485 486 2533 filiis
498 2485 529 2533 ab
543 2487 656 2550 Augusto
670 2500 810 2534 concessam
824 2484 905 2534 iirmat
917 2488 1018 2537 sueton.
1028 2490 1093 2556 Aug.
1108 2493 1149 2540 36.

69 2574 120 2621 lloc
133 2585 218 2621 tamen
228 2573 307 2637 ipsius
320 2572 395 2620 verba
409 2570 528 2631 suadent,
544 2571 628 2636 potius
642 2587 715 2634 quam
726 2587 739 2616 a
750 2570 832 2634 primo
847 2571 938 2619 militiae
950 2572 1043 2637 gradu,
1056 2574 1083 2621 id
1097 2585 1149 2639 est,

67 2663 209 2723 psaeieotura
227 2659 352 2717 cohortis,
367 2657 469 2722 coepisse
483 2658 536 2717 ejus
550 2665 688 2719 equestrem
701 2654 820 2702 militiam
834 2655 898 2702 Nam
915 2655 946 2703 de
960 2657 1088 2705 tribunatu
1101 2676 1148 2707 suo

67 2744 186 2807 loquens:
202 2766 214 2784 ι
225 2758 314 2806 quern,
328 2741 424 2804 inquit,
438 2740 531 2787 militiae
546 2739 649 2804 gradum
664 2748 725 2786 ante
739 2738 786 2785 suh
803 2748 871 2802 patre
884 2749 948 2800 tuo,
962 2741 997 2788 tt.
1011 2741 1110 2801 Vinici,
1124 2753 1148 2791 et

69 2827 93 2874 Ρ.
105 2828 165 2875 Silio
177 2826 314 2891 auspicatus
327 2823 414 2892 (sum)
428 2824 455 2871 in
466 2823 569 2870 'lhracia
582 2821 806 2884 Macedoniaque.»
818 2828 900 2881 Ante,
911 2824 1005 2887 inquit;
1018 2825 1062 2873 sed
1071 2826 1148 2877 modo

68 2910 97 2958 de
111 2910 190 2958 initiis
205 2907 386 2974 stipendiorum
401 2922 504 2956 suorum
518 2905 680 2969 loquebatur:
695 2921 780 2953 nonne
793 2906 870 2972 igitur
881 2906 931 2956 hoc
943 2918 1006 2956 aute
1019 2909 1051 2957 de
1065 2912 1147 2975 primo

68 2993 159 3041 miiitiae
173 2992 292 3055 equestris
305 3005 388 3051 auno,
402 3000 475 3053 atque
489 2990 543 3053 ipso
558 2989 626 3036 aditu
639 2987 826 3054 intelligendum
840 2992 895 3038 est?
908 2992 978 3037 Pater
992 2992 1029 3038 Μ.
1039 2994 1147 3054 Vinicii,

68 3093 155 3141 nempe
176 3077 204 3123 P.
225 3074 353 3134 Vinicius,
372 3074 459 3121 oonsul
477 3089 543 3120 anuo
561 3072 683 3132 DCCLV,
701 3072 831 3120 Thraciam
851 3073 966 3132 fortasse,
987 3084 1011 3119 et
1029 3075 1055 3121 P.
1073 3074 1147 3124 Silius

69 3161 252 3217 Macedoniam,
271 3168 388 3223 praetores
406 3158 642 3207 administraverant.
661 3158 709 3205 Sed
728 3174 778 3221 quo
798 3174 878 3217 auno,
897 3159 1055 3206 reticentibus
1067 3160 1146 3210 histo-

68 3244 140 3304 ricis,
158 3244 274 3290 reticente
288 3242 343 3305 ipso
357 3242 471 3302 Velleio,
487 3243 604 3291 hactenus
618 3245 759 3303 conjectura
776 3240 888 3289 nondum
902 3241 959 3289 licet
974 3245 1079 3307 assequi.

101 3328 178 3392 Quod
198 3331 274 3392 magis
291 3337 374 3394 patet,
391 3338 447 3392 post
460 3345 560 3393 operam
575 3328 602 3375 in
616 3326 722 3374 Thracia
739 3325 934 3388 Macedoniaque
948 3326 1089 3392 reipublice
1102 3347 1146 3379 m.

68 3423 162 3472 samm,
181 3423 308 3477 receptus,
327 3423 354 3460 ut
371 3412 495 3472 diuisurus,
513 3412 628 3459 uibunns
644 3411 749 3458 militum
766 3410 793 3457 iu
807 3425 895 3473 agmen
909 3410 937 3459 C.
955 3411 1070 3474 Caesaris,
1088 3431 1146 3479 per·

68 3495 178 3542 lustravit
195 3510 296 3543 omnem
318 3497 418 3543 Graeciae
436 3505 460 3541 et
477 3493 573 3541 Pontici
595 3494 669 3541 maris
692 3509 777 3550 oram3
795 3491 893 3540 videtur
909 3494 981 3542 etiam
1001 3496 1100 3560 reliquae
1117 3499 1146 3548 C.

68 3579 167 3627 Crsaris
184 3578 211 3626 iu
224 3579 341 3627 Armenia
354 3577 508 3643 expeditioni
522 3575 676 3633 interfuisse,
690 3585 714 3623 et
728 3575 827 3622 tandem
840 3587 896 3640 post
909 3580 963 3640 ejus
977 3577 1088 3639 obitum,
1102 3583 1146 3645 qui

68 3662 154 3710 accidit
166 3662 205 3708 tx
216 3660 265 3710 tat.
280 3672 350 3710 mart.
363 3676 429 3710 anno
444 3660 590 3719 DOCLVII,
604 3661 709 3707 Romam
723 3658 840 3707 rediisse:
855 3661 917 3708 Vell.
930 3662 946 3710 l.
958 3662 974 3710 l.

105 3749 243 3810 Augustus,
253 3745 342 3794 eodem
353 3762 431 3806 anno,
441 3747 464 3791 V
475 3745 524 3793 kal.
531 3744 588 3806 J'ul.,
598 3743 726 3791 Tiberium
737 3743 874 3803 Neronem,
885 3746 959 3793 lirise
971 3749 1056 3795 uxoris
1066 3747 1145 3797 fllium

69 3831 199 3895 adoptavit.
217 3831 275 3892 Quo
292 3841 420 3896 tempore,
436 3828 544 3876 Velleius
561 3829 687 3892 prefectus
701 3829 826 3891 equitnm,
843 3845 969 3877 successor
982 3831 1056 3879 officii
1069 3835 1145 3897 patris

69 3915 121 3973 sui,
136 3914 180 3976 qui
190 3923 250 3962 tunc
265 3915 367 3962 fortasse
381 3912 491 3974 obierat,
503 3913 530 3960 in
543 3912 700 3960 Germaniam
714 3913 803 3959 missus
817 3922 853 3959 est
864 3929 920 3960 cum
932 3913 1047 3977 adoptato
1059 3932 1144 3963 recens

68 3996 171 4059 Caere,
185 3998 287 4062 ejusque
301 3999 446 4063 germanicis
458 3996 659 4062 expeditionibus
669 3997 794 4046 interfuit:
806 3997 849 4044 lib.
860 4000 897 4059 11,
908 4014 960 4063 cap.
975 4008 1031 4056 rot.

102 4082 228 4142 Tandem,
242 4099 320 4148 quum
329 4083 428 4148 expleto
438 4082 523 4130 decem
533 4096 657 4129 annorum
667 4097 785 4142 unmero,
799 4079 917 4146 finitaque
927 4083 1034 4146 equestri
1042 4083 1142 4141 militia,
