2670 4836
304 330 370 393 DE
394 330 430 394 C.
454 330 681 394 VELLEIO
705 331 1025 398 PATERCULO.
1128 339 1202 402 xxix

127 449 179 512 iuga
189 454 319 510 corrupto,
336 445 368 492 ita
382 444 529 504 indulsisse,
544 455 571 493 ut
586 445 695 494 breviori
710 457 734 494 et
746 446 924 512 compendiosa
937 449 978 496 ria
995 449 1027 497 ad
1045 467 1128 501 rerum
1143 456 1205 503 scitu

128 530 322 595 dignissimarum
335 530 501 594 cognitionem
511 528 615 592 aequales
625 531 779 595 perduceret.

158 620 206 668 Sed
222 619 303 667 noluit
318 617 427 665 Velleius
442 632 523 679 neque
540 626 625 664 tenues
639 628 710 680 atque
725 617 800 666 exiles
815 617 930 677 andala,
945 633 1052 680 quorum
1067 620 1140 668 unica
1154 622 1207 670 laus

126 707 156 753 sit
167 703 289 764 brevitas,
303 700 442 761 conficere;
455 718 535 764 neque
547 703 660 766 priorum
671 701 798 762 cujusdam
812 701 987 748 historicorum
999 718 1079 765 opus,
1093 713 1135 763 ut,
1148 715 1208 752 teste

125 789 243 838 Ciorrone
258 788 290 835 sd
302 789 353 834 Att.
368 789 449 846 xm,
464 787 493 845 8,
508 787 544 834 M.
561 787 650 834 brutus
665 787 692 834 in
705 786 779 833 Caelio
794 785 926 849 Antipatro
943 784 1085 848 praeiverat,
1103 787 1130 833 in
1142 803 1208 834 com·

126 870 244 936 pendium
256 870 383 934 redigere:
402 870 446 918 sed
457 887 539 918 rerum
550 869 756 933 amplissimarum
767 879 791 914 et
803 868 1000 932 gravissimarum
1012 869 1132 932 speciem,
1144 870 1207 918 duo·

127 957 172 1005 bus
185 956 277 1004 libellis
291 956 339 1020 (ita
352 956 419 1003 enim
430 956 478 1020 ipsi
487 956 593 1020 placuit;
605 953 656 1000 rid.
667 956 693 1013 1,
709 952 754 1016 rs)
767 961 930 1012 contractam,
943 968 1044 1016 eamque
1058 952 1207 1016 lectoribus,
1287 984 1290 988 -

125 1050 189 1088 oerte
199 1039 325 1099 menania,
337 1054 416 1102 usque
426 1038 549 1097 indoctis,
559 1036 725 1100 perspicuam,
737 1033 870 1093 efficacem,
879 1045 903 1082 et
914 1035 1085 1099 gratissimam,
1101 1038 1207 1085 oratoria

125 1122 194 1186 quasi
207 1132 259 1168 arte
273 1120 436 1180 elaboratam,
456 1131 580 1183 umquam
594 1120 621 1167 in
634 1119 716 1167 tabula
729 1119 843 1184 precisa,
861 1134 910 1167 uua
927 1133 983 1166 cum
998 1129 1137 1183 temporum
1156 1121 1207 1167 dia·

125 1205 258 1265 tinctione,
273 1220 414 1268 proponere
428 1205 451 1251 ei
464 1204 563 1268 placuit.

157 1289 246 1350 Quum
261 1298 395 1350 utrumque
410 1303 488 1352 genus
502 1298 526 1334 et
537 1286 645 1336 breviter
659 1288 777 1335 narrandi
788 1298 812 1334 et
826 1287 934 1335 oratorio
948 1287 1025 1335 modo
1034 1288 1207 1351 proponendi,

125 1381 175 1419 tum
192 1387 305 1419 ererum
322 1370 417 1418 delectu
435 1382 459 1419 et
478 1371 635 1430 tractatione,
653 1381 705 1417 tum
720 1370 750 1417 ab
768 1371 907 1419 elocutione
922 1381 945 1417 et
963 1371 1071 1419 dictione
1087 1371 1207 1435 pendeat,

126 1455 155 1502 ds
168 1465 276 1518 utroque
292 1453 430 1502 ridendum
445 1464 496 1514 est,
512 1466 537 1502 et
554 1454 655 1516 quidem
669 1453 794 1517 primum,
811 1454 937 1517 quomodo
952 1454 1076 1514 Velleius,
1094 1454 1207 1504 brevitati

126 1537 240 1595 studens,
254 1537 283 1584 in
295 1537 368 1586 rebus
382 1537 513 1602 seligendis
526 1548 550 1586 et
562 1536 708 1598 tractandis,
720 1537 833 1586 historici
845 1538 932 1600 simul,
947 1538 1020 1586 simul
1033 1540 1137 1586 oratoris
1150 1556 1205 1603 par-

126 1632 159 1670 tes
172 1622 257 1685 egerit.

159 1707 253 1753 Rerum
266 1715 347 1753 sutem
358 1706 465 1755 delectas
477 1707 569 1772 duplex
580 1718 631 1766 est,
644 1723 697 1755 non
708 1707 788 1756 solum
799 1722 953 1755 summomm
967 1707 1075 1754 historiae
1087 1708 1208 1755 universe

125 1790 249 1854 capitum,
263 1790 394 1839 sedetiam
408 1808 491 1841 rerum
505 1792 674 1856 singularum,
689 1808 733 1841 seu
748 1791 869 1856 partium,
887 1791 977 1854 quibus
993 1790 1034 1838 illa
1049 1790 1207 1839 continentur

125 1883 146 1920 et
159 1873 324 1937 explicantur.

159 1958 192 2004 ln
203 1955 252 2004 illis
262 1973 323 2005 vero
336 1959 438 2006 summis
449 1957 582 2023 seligendis
593 1969 690 2008 secutus
700 1970 737 2008 est
746 1959 838 2008 Noster
846 1975 899 2018 res,
911 1960 1008 2008 lectoris
1019 1959 1115 2007 romani
1125 1960 1208 2023 cogni·

126 2039 191 2086 tione
206 2039 378 2104 dignissimas,
392 2041 516 2106 voluptate
530 2042 700 2107 cognoscendi
712 2042 848 2103 jucundas,
863 2042 894 2089 ad
908 2042 1004 2090 animos
1014 2042 1207 2091 commovendos

125 2123 296 2186 gravissimas,
316 2135 388 2187 atque
404 2124 519 2188 exemplo
538 2124 565 2171 in
583 2135 711 2188 utramque
728 2134 823 2188 partem
838 2125 986 2174 utilissimas.
1001 2127 1059 2188 Quo
1072 2142 1206 2190 exgenere

126 2216 180 2253 sunt
191 2206 288 2264 omnia,
299 2222 352 2268 quae
362 2206 498 2270 ingenuum
511 2217 535 2254 et
544 2207 669 2255 bberalem
680 2207 807 2255 bominem
818 2222 948 2254 romanum
958 2209 1051 2254 nescire
1062 2207 1208 2271 dedecebat3

126 2306 176 2354 quae
185 2307 245 2338 eum
253 2291 284 2338 de
292 2292 402 2355 gentium
412 2292 641 2352 celeberrimarum,
651 2291 767 2355 inprimis
776 2306 839 2349 suae,
850 2290 1000 2353 originibus,
1010 2292 1120 2350 fortuna,
1130 2292 1208 2338 iucre-

127 2377 231 2436 mentis,
247 2376 395 2437 virtutibus,
409 2377 555 2441 discipline,
570 2376 663 2423 artibus
677 2375 834 2437 inventisque
846 2373 1004 2432 erudiebant;
1020 2390 1073 2437 qnae
1085 2375 1207 2438 magnitu-
1228 2433 1232 2439 Ι

127 2460 183 2508 dine
194 2477 239 2508 sna
250 2469 273 2506 et
285 2460 428 2507 effectorum
437 2461 462 2507 vi
472 2472 524 2508 turn
535 2461 561 2509 in
572 2469 717 2524 praesentem
728 2473 810 2505 rerum
819 2467 922 2517 statum,
934 2467 986 2504 tum
996 2457 1023 2504 in
1034 2458 1207 2519 consequentia

127 2552 251 2608 tempora,
266 2553 336 2590 erant
348 2543 505 2606 gravissimu
522 2558 575 2607 quse
589 2554 613 2590 et
623 2543 781 2606 antiquitate,
794 2552 819 2589 et
832 2541 955 2600 novitate,
968 2552 991 2589 et
1003 2540 1170 2606 magnitudine
1183 2551 1208 2590 et

126 2624 252 2675 bouestate
267 2627 370 2674 lectores
385 2624 523 2690 afficerept3
542 2642 596 2690 quae
611 2626 651 2673 rel
664 2626 696 2673 ad
713 2626 844 2673 honestum
858 2624 981 2684 alliciunt,
999 2624 1038 2671 vel
1054 2640 1067 2671 a
1082 2625 1149 2688 turpi
1163 2623 1207 2672 de·

126 2719 233 2767 terrent,
248 2708 356 2772 denique
369 2723 423 2771 quse
437 2708 545 2769 docent,
555 2719 675 2769 monent,
688 2719 803 2768 movent,
818 2707 953 2767 delectent,
966 2707 1058 2772 quippe
1071 2723 1124 2771 quac
1138 2708 1208 2771 sequi

128 2795 229 2843 oratoris
243 2805 287 2841 est.

161 2877 195 2924 Ut
215 2892 291 2937 vero,
311 2877 434 2924 intuentes
454 2876 573 2938 majorem
591 2889 616 2926 et
628 2877 786 2941 integriorem
805 2875 888 2941 operis
907 2886 1017 2941 partem,
1037 2891 1076 2921 res
1095 2890 1207 2922 romanas

127 2962 348 3025 complectentem,
369 2959 463 3026 singula
481 2977 676 3024 persequamur,
695 2960 884 3024 comprehendit
902 2959 1009 3007 Velleius
1029 2959 1135 3019 ordine,
1155 2975 1208 3021 quse

130 3046 165 3093 rel
178 3044 210 3093 ad
227 3046 293 3093 vires
307 3061 415 3110 opesque
432 3047 602 3094 Romanorum
618 3055 715 3105 auctas,
734 3054 758 3091 et
772 3044 803 3091 ad
817 3042 879 3091 lines
894 3043 993 3109 imperii
1006 3045 1057 3091 sive
1071 3058 1116 3106 per
1129 3041 1208 3101 bella,

131 3131 178 3176 aive
192 3146 238 3194 per
251 3140 315 3177 artes
330 3128 456 3188 dilatatos,
471 3129 510 3177 vel
524 3130 555 3176 sd
569 3127 709 3192 reipublice
725 3129 828 3176 sormam
844 3137 868 3174 et
881 3127 998 3175 ordinum
1014 3125 1208 3190 dignitatumque

130 3222 232 3273 statum,
246 3222 288 3260 sut
301 3211 395 3276 legibus
407 3212 494 3272 novis,
505 3222 547 3260 aut
560 3221 647 3275 praeter
661 3210 775 3258 ordinem
785 3210 897 3274 legesque
911 3210 1044 3269 institutis,
1059 3218 1101 3257 sut
1113 3208 1209 3258 ‹lomes-

131 3295 183 3341 ticis
197 3295 306 3342 motibus
318 3295 533 3354 transformatum,
547 3295 586 3341 rel
596 3294 627 3343 ad
641 3310 722 3342 mores
734 3303 758 3341 et
770 3293 941 3356 disciplinam,
955 3309 1057 3358 eamque
1069 3292 1208 3358 publicam,

130 3379 294 3442 privatam,
309 3379 476 3446 immutatam,
488 3378 528 3425 vel
541 3378 572 3425 ad
586 3378 679 3442 ingenii
692 3377 784 3425 cultum
800 3388 824 3425 et
836 3378 963 3425 literarum
974 3377 1114 3441 artiumque
1126 3379 1208 3426 incre·

131 3471 211 3509 ments
221 3473 295 3524 atque
305 3463 442 3526 fastigium,
454 3462 493 3509 vel
503 3461 534 3509 ad
546 3463 700 3526 singulorum
710 3463 821 3511 virerum
832 3462 954 3510 fortunam
964 3463 1097 3526 pertinent.

163 3548 256 3597 Harum
270 3564 353 3596 rerum
364 3547 557 3596 eusrrsnderum
567 3564 654 3611 agmen
668 3548 737 3610 qnasi
748 3547 842 3594 ducunt
854 3564 900 3609 ese,
913 3563 967 3611 qnae
975 3548 1088 3612 publice,
1099 3558 1139 3597 aut
1149 3547 1208 3597 foris

130 3639 169 3677 aut
179 3630 264 3689 domi,
278 3641 349 3695 gestae
362 3642 435 3691 sunt,
446 3640 584 3694 statumque
594 3629 721 3695 publicum
732 3640 950 3679 commutaverunt
962 3633 1026 3690 lias,
1039 3642 1068 3679 ut
1079 3648 1130 3679 sese
1141 3632 1208 3679 exci-

129 3714 198 3777 piunt
214 3715 332 3779 temporis
343 3714 450 3774 ordine,
464 3715 535 3762 annis
546 3714 650 3773 notatis,
664 3723 750 3761 auctor
763 3713 874 3776 disponit
882 3730 928 3778 per
937 3725 1017 3761 totum
1027 3731 1106 3780 opus,
1120 3729 1208 3778 easque

101 3790 105 3797 ’
130 3796 249 3862 singulas,
266 3814 322 3862 quar
334 3798 410 3845 veluti
425 3808 506 3862 partes
520 3799 630 3862 potiores
645 3799 811 3858 constituunt,
828 3799 945 3847 continua
962 3799 1024 3847 serie
1039 3799 1208 3864 persequitur,

130 3880 208 3929 donec
220 3883 252 3930 ad
266 3881 342 3930 linem
355 3883 473 3947 perducta
489 3883 521 3930 sit
533 3899 617 3931 earum
633 3883 771 3947 expositio,
784 3894 811 3930 ut
826 3884 973 3945 subsistere,
986 3883 1113 3946 etreliqua
1126 3884 1208 3930 miuus

131 3965 262 4024 notabilia,
281 3966 345 4013 eirea
368 3965 434 4014 idem
451 3977 548 4032 tempus
566 3977 648 4030 gesta,
664 3967 703 4014 vel
719 3967 873 4030 incidentia,
893 3983 946 4030 quae
968 3978 1048 4016 sutem
1071 3967 1207 4022 erudiunt,

133 4061 232 4097 movent
250 4059 322 4115 atque
340 4049 477 4112 delectant,
493 4051 641 4116 subjungere
658 4063 738 4116 queat.
758 4056 787 4100 ln
802 4053 892 4118 quibus
908 4069 961 4101 non
979 4068 1074 4115 semper
1090 4048 1207 4112 temporis
