2670 4836
255 294 322 358 on
345 294 382 357 c.
406 271 638 356 ventilo
662 292 985 362 PATERGULO.
1085 301 1161 382 xlvij

79 431 90 461 a
108 429 134 461 se
152 410 287 469 recedant,
306 408 421 458 nondum
439 418 542 457 constat
560 410 670 473 Utraque
689 419 769 456 autem
788 409 866 459 editio
884 411 956 460 fluxit
972 430 1003 461 ex
1019 416 1163 481 apographo

78 497 167 546 codicis
181 512 228 560 per
243 494 360 543 Rhenani
375 494 484 541 omitum
498 492 651 557 negligenter
671 495 751 556 iacto,
770 496 839 559 quod
852 495 936 544 editor
952 498 1053 560 quidem
1073 501 1163 549 deiude

78 596 130 627 cum
153 578 222 626 libro
242 578 335 641 scripto
354 576 466 625 contulit.
486 576 553 642 N⁸¹¹l
570 575 619 623 boc
637 577 749 642 inspecto
771 578 914 625 lisoiiiimnm
936 590 988 626 erat
1007 581 1083 628 multa
1104 583 1164 630 vitia

78 665 214 729 corrigere,
231 679 286 726 qure
300 661 455 720 Rhenanus,
469 661 507 706 vel
518 661 544 707 in
556 661 610 725 ipso
624 670 709 721 textu,
722 662 761 709 vel
775 662 802 709 in
813 663 880 710 uotis
892 663 1083 728 marginalibus,
1098 682 1163 714 non·

78 764 204 812 nunqnam
223 747 281 795 satis
298 745 416 804 feliciter,
435 744 498 792 adeo
515 753 543 791 ut
559 745 652 792 codicis
669 745 801 793 lectionem
816 757 1002 809 assequeretur,
1022 748 1162 809 conjectura

80 832 128 880 tola
141 847 229 880 sanare
245 830 353 878 tentavit.
363 831 425 892 Quae
436 839 519 877 autem
531 829 669 892 deliquerat
681 828 761 876 scriba
773 828 903 889 Rhenani,
917 830 986 893 isque
997 831 1064 894 ipae,
1078 822 1175 879 codice

80 914 143 962 brud
159 923 322 978 comparato,
340 913 495 977 neglexerat,
515 913 655 961 emendarit
666 897 709 961 io.
724 912 783 962 Att.
800 911 930 974 euterius,
948 914 1008 977 qui,
1024 915 1083 962 dmn
1099 915 1163 963 liber

80 998 247 1046 murbacensis
263 996 328 1061 apud
344 995 494 1044 Frobenium
513 995 594 1043 adhuc
610 1007 678 1055 erat,
694 995 761 1044 hunc
776 996 961 1060 diligentissime
978 1014 1034 1046 eom
1054 999 1163 1047 editione

79 1083 168 1147 aprelo
181 1081 275 1130 recenti
287 1079 405 1138 contulit,
418 1090 442 1127 et
453 1079 641 1128 minutissimtm
655 1079 844 1143 discrepantiam
858 1080 986 1141 lectionis,
1000 1081 1163 1145 syllaburum,
1208 1123 1216 1135 ,

80 1165 216 1224 literarum,
228 1174 391 1228 punctorum,
403 1174 427 1209 et
438 1162 561 1228 quidquid
571 1161 652 1210 codex
663 1163 714 1210 sive
725 1174 856 1227 corrupte,
870 1165 921 1211 sire
931 1164 1008 1222 bene,
1019 1166 1071 1213 aive
1083 1167 1161 1225 clare,

80 1250 127 1296 aire
139 1249 260 1305 obscure,
274 1246 335 1295 vela
346 1247 425 1310 prima
435 1247 475 1293 rel
486 1262 500 1292 a
510 1247 654 1294 correctrice
666 1262 741 1294 ruauu
752 1249 830 1295 oculis
841 1247 986 1309 objiciebat,
998 1250 1068 1297 nullo
1079 1267 1163 1298 amore

80 1335 134 1382 libri
148 1336 189 1383 sui
205 1333 322 1396 nullaque
340 1332 435 1380 invidia
452 1331 568 1379 Rhenani
585 1332 689 1390 duetus,
707 1348 802 1393 summu
819 1331 870 1379 lide
888 1344 912 1380 et
928 1334 1046 1398 religione
1061 1338 1161 1383 notarit.

82 1419 139 1481 Quae
150 1418 238 1466 omnia
248 1452 255 1475 ,
269 1433 318 1464 uun
329 1432 384 1464 cum
398 1416 449 1463 suis
463 1416 629 1476 conjecturis,
643 1432 704 1478 ques
715 1416 845 1480 diligenter
860 1434 874 1465 a
890 1418 984 1465 codicia
994 1419 1099 1467 lectione
1112 1420 1162 1466 dis·

81 1502 184 1566 tinguit,
199 1501 232 1548 ad
249 1500 339 1549 calcem
355 1499 472 1546 editionis
487 1499 573 1564 primae
587 1499 661 1559 adjici
673 1500 776 1547 curavit.
792 1501 892 1549 Etiamsi
910 1519 968 1549 vero
984 1504 1122 1552 Rhenanus
1138 1515 1162 1552 et

81 1586 196 1636 liuterius
205 1585 275 1633 haud
285 1600 363 1649 pauca
373 1594 548 1644 correxerunt,
562 1593 645 1632 tamen
658 1599 770 1646 magnam
781 1584 984 1633 emendationum
996 1586 1161 1634 faciendorum

83 1684 184 1716 messem
199 1667 389 1730 insequentibus
403 1666 540 1714 editoribus
552 1666 641 1713 Velleii
656 1667 815 1730 reliquerunt.

115 1752 240 1800 meimae
249 1750 371 1798 editiones
380 1750 517 1814 principem
527 1750 737 1812 illumlmaximam
746 1761 840 1815 partem
850 1760 1003 1813 sequuntur,
1018 1767 1070 1799 non
1082 1763 1161 1801 tamen

83 1848 182 1895 prorsus
196 1833 278 1894 nibil,
291 1849 440 1896 quamquam
453 1834 547 1891 rarius,
561 1843 690 1880 tentantes.

86 1955 158 2003 152⁵.
177 1954 301 2018 Iuntina,
314 1956 396 2015 ἱππ-80,
411 1971 467 2004 cum
480 1955 580 2002 Justino
595 1965 619 2002 et
632 1954 737 2018 Nepote.

168 2040 196 2086 Ρ.
208 2040 315 2086 Vrourr
328 2040 470 2086 Portarum
484 2039 615 2086 lirsrosrm
627 2053 739 2085 rorem
751 2054 802 2084 nuo
814 2051 947 2086 votunmt
959 2055 1040 2086 rursu
1053 2057 1163 2088 uerrere

206 2139 460 2180 nruorrrrssntequr
476 2138 579 2170 natust.
594 2123 624 2168 ln
637 2119 703 2168 line:
719 2121 866 2182 Florentia,
881 2139 925 2185 per
935 2122 1040 2170 heredes
1054 2124 1165 2188 Philippi

206 2209 305 2263 luntre,
321 2221 388 2254 anno
400 2207 503 2281 Domiqi
520 2207 594 2254 1525.

118 2299 170 2346 flac
184 2299 312 2358 editione,
330 2301 440 2364 primurn
454 2300 540 2348 collata
554 2317 567 2346 a
580 2298 751 2353 liubulam,
768 2313 948 2361 nonnunquam
962 2314 1014 2345 nou
1028 2298 1108 2346 solum
1122 2317 1163 2348 co·

84 2380 145 2429 dicis
158 2382 249 2443 lectio,
262 2383 389 2431 sedetiam
401 2384 518 2431 Rhenani
532 2393 556 2429 et
566 2381 677 2439 Burerii,
691 2379 817 2443 ipsiusque
832 2381 928 2439 Juntae,
943 2396 1091 2444 quamquam
1104 2399 1164 2445 pon·

84 2465 203 2526 tissima,
216 2469 365 2528 conjecture
377 2478 478 2531 receptae
489 2476 563 2523 sunt,
578 2464 622 2511 sed
632 2463 728 2525 judicio
741 2474 807 2511 recto
821 2480 873 2511 nou
882 2464 975 2527 ubique
986 2464 1107 2512 adhibito.

87 2588 162 2634 1532.
179 2587 376 2661 Avenionensis,
392 2586 489 2645 iri-tot„
503 2595 603 2633 curante
617 2590 679 2632 Ant.
693 2584 859 2633 noiomo,

118 2673 142 2719 A
160 2672 260 2719 nemine
278 2674 328 2719 iere
345 2671 488 2729 editorum,
507 2680 594 2734 praeter
611 2669 780 2733 Sebegkium,
800 2679 901 2734 propter
918 2671 1041 2718 raritatem
1059 2671 1163 2727 collata,

84 2756 191 2819 pressius
201 2755 312 2818 sequitur
324 2754 458 2802 editionem
470 2754 591 2818 primam,
605 2752 724 2800 nonnulla
735 2763 817 2799 tamen
827 2768 1005 2817 corrumpens,
1019 2755 1165 2818 paucissima

84 2838 226 2886 emendans.

87 2950 161 2998 nott.
178 2946 326 2995 Pariaiertst's
341 2948 495 3009 Vascesers',
510 2964 564 3011 quae
578 2948 686 2996 adhaeret
699 2947 816 3010 Appiano
831 2946 1004 2994 Alexandrino
1017 2963 1049 2994 ex
1059 2945 1166 2994 Candidi

208 3034 322 3081 versione
334 3033 408 3083 latine
422 3051 527 3092 excuso,
541 3034 652 3092 Parisiis,
671 3033 753 3089 1538,
767 3031 844 3078 ita-iol.

118 3128 202 3189 Hujus
215 3127 333 3176 editionis
345 3129 476 3177 lectionem
490 3130 625 3177 variantem
641 3126 808 3178 Ruhnkenius
823 3127 895 3173 etiam
910 3127 1006 3189 primus
1018 3123 1094 3173 dedit.
1103 3126 1166 3174 Vas·

84 3228 187 3260 cosanus
201 3228 263 3260 vero
276 3213 391 3278 pluribus
408 3215 435 3260 in
450 3214 526 3271 locis,
546 3226 619 3275 quam
636 3211 747 3276 priores,
767 3210 886 3257 editionis
900 3210 986 3273 primae
999 3219 1093 3257 textum
1112 3222 1167 3259 ten·

84 3296 159 3354 tavit,
180 3311 234 3344 non
253 3307 302 3343 tam
319 3297 432 3360 priorum
451 3295 562 3356 judicia,
582 3308 657 3358 qnam
670 3309 731 3353 sua,
751 3308 873 3355 aequem,
894 3292 1048 3355 omninoque
1067 3291 1167 3341 lectioni

84 3378 188 3425 faciliori
205 3378 338 3426 reddenda
355 3380 463 3427 studens.
478 3378 530 3426 Nec
547 3378 634 3426 infelix
650 3378 677 3424 in
695 3377 852 3424 emendando
870 3375 966 3423 Velleio
983 3376 1168 3440 insequentium

85 3460 208 3509 editorum
222 3462 302 3510 bonas
315 3479 434 3526 verasque
446 3465 599 3524 conjecturas
613 3461 749 3524 occuparit.

120 3546 217 3594 Noram
228 3563 288 3596 vero
299 3549 368 3611 quasi
379 3548 464 3595 faciem
475 3546 557 3593 induit
567 3545 676 3593 t‘etleius
686 3543 786 3592 editoris
796 3543 955 3605 Basileerrais,
965 3544 1043 3609 ignoti
1053 3545 1167 3607 quidem,

85 3629 129 3676 sed
142 3630 255 3694 perdocti
271 3641 295 3678 et
311 3632 390 3684 acuti.
409 3631 518 3678 hominis
535 3645 600 3676 cora.
619 3628 660 3675 Ab
676 3627 726 3675 hoc
744 3627 878 3675 recensitus
897 3628 989 3674 Noster
1005 3627 1114 3689 adjectus
1131 3637 1168 3674 eat

85 3711 189 3760 editioni
203 3712 356 3778 Scriptorum
375 3714 489 3762 Historias
507 3715 639 3776 Augustae,
657 3722 727 3759 antes
744 3728 784 3760 an.
803 3711 885 3772 1517,
902 3709 932 3758 ab
948 3711 1049 3758 Eraamo
1064 3693 1167 3769 curate,

86 3811 155 3844 nunc
169 3799 275 3862 repetite
289 3797 335 3846 sub
351 3798 445 3845 indice:

93 3917 167 3973 1546.
184 3917 302 3979 Basiiece,
317 3918 383 3984 apud
397 3917 559 3977 Fmbeot'um,
575 3915 656 3964 indol.

178 4001 241 4048 riroe
254 4001 393 4059 Οωιαηυη,
410 4019 513 4067 quarum
525 4000 654 4063 scriptores
666 3997 704 4061 ti,
718 4000 745 4049 C.
758 3999 884 4047 Suetonius
898 3997 1071 4062 Tranquillus,
1087 3993 1167 4043 AEiius
