2670 4836
125 333 169 414 xij
369 329 686 395 arssuararro
710 327 942 409 amacius

125 464 179 496 esse
196 445 327 495 familiaris.
341 447 396 493 Hoc
413 462 491 494 unum
507 444 538 492 de
551 444 639 492 Velleii
656 445 718 493 fama
735 443 809 493 nimis
827 460 928 493 suorum
947 443 1069 491 incuriosa
1086 444 1193 491 serravit

126 531 265 595 antiquitas.
281 530 345 577 Nam
362 530 453 577 Lucani
469 528 610 578 scholiastes
625 527 802 576 recentioribus
814 528 969 577 annotandas
981 536 1030 585 est,
1045 527 1127 575 seculo
1140 528 1192 576 ior·

125 623 188 661 tasse
203 614 349 661 duodecimo
361 614 453 675 junior.
467 614 553 677 Liquet
565 624 659 671 tamen,
675 628 707 660 ex
719 611 808 659 Velleii
822 612 877 661 loco
891 611 949 678 (lib.
962 613 1003 672 11,
1017 627 1070 674 cap.
1085 608 1145 673 to),
1160 608 1192 657 ab

125 695 181 761 ipso
194 694 224 742 ad
235 696 324 742 Lucan.
336 698 388 756 Ill,
403 697 466 757 178,
479 696 638 759 transcripto,
652 694 725 741 luisse
736 693 785 741 hoc
795 703 904 760 tempore
916 694 961 741 alia
970 703 993 742 et
1002 710 1016 740 a
1027 691 1117 740 nocuis
1128 691 1193 738 mul·

127 786 179 824 tum
196 776 290 826 diversa
307 778 462 843 exemplaria.
480 779 558 827 Etiam
573 778 636 825 circa
655 777 779 825 decimum
794 778 903 825 seculum
920 794 972 826 non
989 777 1099 841 ignotum
1118 775 1193 825 fuisse

127 859 261 921 Velleium,
277 872 420 926 argumento
435 872 472 910 est
484 862 645 927 fragmentum
655 862 701 910 sub
714 863 767 923 ejus
779 863 880 911 nomine
891 861 1023 911 confictum
1033 862 1064 910 ab
1073 861 1138 911 iliius
1147 862 1194 911 aevi

126 941 311 992 fabulatoribus.

163 1027 239 1089 Quod
252 1029 328 1093 magis
342 1031 435 1077 auctori
452 1040 537 1080 nostro
552 1031 714 1094 gratulemur,
732 1030 830 1078 videtur
846 1033 944 1079 Lucano
958 1041 1036 1095 poetae
1050 1046 1104 1079 uon
1118 1029 1194 1078 semel

128 1111 202 1160 fuisse
213 1122 268 1160 ante
279 1114 375 1173 oculos;
389 1123 412 1161 et
422 1115 543 1178 Sulpicius
555 1116 674 1173 Severus,
687 1130 804 1163 consuere
814 1115 899 1162 solitus
913 1130 986 1179 opcra
999 1130 1057 1171 sua,
1071 1124 1195 1176 tamquam

129 1206 263 1259 centones,
279 1214 311 1244 ex
328 1199 493 1261 antiquiorum
510 1199 610 1262 spoliis,
623 1198 742 1245 Nostrum
756 1214 808 1245 non
821 1198 898 1246 modo
909 1199 1018 1245 imitatur
1031 1198 1137 1261 passim,
1149 1194 1195 1244 sed

130 1276 171 1327 bic
181 1278 217 1326 ibi
228 1279 380 1338 transcribit,
394 1280 461 1342 quod
472 1296 503 1327 ea
513 1278 659 1328 Rubnlenii
670 1279 735 1326 notis
744 1280 897 1327 manifestum
908 1279 986 1327 cuivis
996 1279 1084 1344 legenti
1094 1277 1145 1325 liet.

164 1361 213 1407 Sed
233 1361 284 1409 baec
302 1378 388 1425 parum
406 1363 468 1410 lucis
485 1363 618 1423 afferrent,
636 1371 791 1423 maneretque
809 1362 916 1410 Velleius
934 1363 984 1409 suis
1002 1362 1070 1425 quasi
1088 1359 1196 1407 tenebris

130 1445 270 1505 involutus,
285 1446 334 1492 nisi
346 1445 489 1494 occurrisset
502 1446 568 1509 ipse,
582 1446 657 1492 veluti
670 1445 797 1510 praescius,
812 1455 967 1509 posterorum
980 1444 1099 1491 oblivioni
1111 1479 1119 1504 ,
1130 1443 1195 1490 mul·

131 1537 202 1589 taque
220 1528 251 1574 de
269 1545 295 1575 se
313 1544 340 1575 ac
357 1528 432 1575 domo
451 1544 493 1575 sna
510 1528 663 1592 publicarum
680 1544 764 1575 rerum
780 1528 913 1575 narrationi
929 1527 1029 1574 solerter
1045 1525 1195 1573 inseruisset.

133 1611 239 1659 Peteuda
252 1611 326 1675 igitur
337 1628 369 1659 ex
378 1613 432 1676 ipso
442 1611 516 1659 nobis
528 1612 574 1658 erit
588 1620 670 1658 nostra
684 1612 732 1658 iere
745 1611 825 1658 omnis
836 1611 961 1670 materies,
974 1626 1001 1657 ac
1014 1609 1121 1673 primum
1134 1618 1196 1655 tam·

132 1710 206 1757 quarn
219 1695 247 1741 iu
259 1694 319 1742 silva
328 1695 486 1741 concidamus
498 1704 594 1757 oportet
607 1709 650 1751 ea,
666 1709 719 1755 quar
732 1692 762 1740 ad
777 1694 858 1758 ipsum
871 1706 912 1742 aut
925 1694 978 1754 ejus
992 1702 1108 1757 cognatos
1120 1691 1197 1756 perti·

131 1777 214 1824 nentia
227 1779 354 1841 proposito
366 1786 451 1825 nostro
463 1778 568 1824 maxime
581 1775 695 1823 videntur
708 1776 852 1825 conducere.
869 1775 1016 1836 subjicimus
1027 1776 1080 1838 ipsa
1092 1773 1199 1822 auctoris

135 1860 222 1920 rerba,
234 1876 290 1908 cum
301 1871 439 1923 temporum
449 1860 515 1909 notis
524 1859 555 1907 ad
565 1875 636 1907 aeram
647 1859 826 1907 Varroniauam
835 1858 940 1922 digestis.

495 2012 644 2084 Excerpta
664 2028 701 2063 ex
722 2008 838 2063 Velleio.

168 2156 280 2201 ‘lrruuus
293 2155 399 2200 Oraars:
414 2176 426 2194 «ι
435 2153 463 2201 C.
474 2152 562 2200 Velleii
575 2149 694 2198 Paterculi
707 2149 814 2196 historiae
827 2164 934 2196 romanae
946 2148 1005 2196 libri
1018 2149 1050 2196 11.
1059 2169 1072 2188 υ

168 2248 222 2295 Lib.
235 2250 275 2307 11,
289 2263 342 2312 cap.
359 2248 406 2294 16:
421 2270 433 2289 α
442 2248 528 2312 Neque
540 2263 585 2311 ego
597 2244 743 2293 verecundia
757 2244 884 2292 domestici
897 2243 1023 2308 sauguinis
1037 2241 1120 2306 gloriae
1130 2242 1200 2306 quic·

133 2346 221 2394 quam,
234 2330 294 2379 dum
306 2348 392 2379 verum
406 2332 499 2391 resero,
512 2331 594 2396 gloriae
606 2329 763 2387 subtraham
777 2328 868 2392 quippe
881 2326 984 2374 maltum
997 2325 1096 2373 Minatii
1109 2325 1202 2389 Magri,

134 2416 197 2462 atavi
211 2416 273 2474 mei,
292 2415 468 2473 asculanensis,
488 2414 646 2462 tribuendum
660 2425 695 2461 est
711 2412 855 2460 memoria:
874 2410 917 2473 qui
933 2425 1011 2473 nepos
1024 2408 1093 2455 Decii
1108 2407 1201 2470 Magii,

135 2500 315 2561 Campanorum
324 2499 455 2562 principis,
465 2497 615 2544 celeberrimi
622 2506 645 2542 et
653 2494 789 2542 fidelissimi
799 2493 858 2554 viri,
864 2503 954 2541 tantam
964 2493 1012 2540 boc
1021 2491 1086 2538 bello
1097 2488 1204 2556 (italico)

136 2580 254 2627 llomanis
263 2578 338 2626 iidem
348 2580 470 2643 praestitit,
481 2591 508 2627 ut
518 2597 574 2627 cum
586 2579 696 2643 legione,
708 2594 781 2641 quam
792 2578 844 2642 ipsc
854 2577 882 2625 iu
892 2578 1003 2642 Hirpinis
1013 2575 1203 2639 conscripserat,

135 2662 315 2711 Herculaneum
329 2663 401 2709 simul
415 2679 471 2709 cum
484 2664 513 2709 T.
527 2662 604 2710 Didio
618 2673 728 2726 caperet,
747 2661 875 2725 Pompeios
888 2677 944 2708 cum
958 2662 985 2709 L.
999 2659 1063 2706 Sulla
1075 2673 1204 2722 oppugna-

136 2753 186 2802 ret,
200 2744 335 2808 Cosamque
350 2755 479 2809 occuparet
493 2745 572 2809 (auno
587 2744 719 2808 ltcaxv).
735 2745 811 2804 Cujus
825 2744 855 2791 de
868 2743 998 2790 virtutibus
1011 2759 1067 2790 curn
1081 2741 1138 2802 alii,
1150 2750 1204 2789 tum

136 2828 241 2875 maxime
252 2828 407 2892 dilucideque
420 2831 452 2891 Q.
466 2830 611 2876 Hortensius
624 2828 651 2875 in
664 2828 802 2875 Annalibus
816 2828 866 2875 suis
880 2827 974 2885 retulit;
986 2829 1056 2887 cujus
1069 2824 1109 2872 ilie
1119 2824 1204 2888 pietati

137 2911 234 2975 plenam
247 2910 353 2974 populus
368 2928 484 2959 romanus
498 2912 601 2975 gratiam
615 2910 738 2968 reddidit,
755 2911 836 2973 ipsum
850 2910 942 2956 viritim
959 2908 1054 2955 civitate
1071 2906 1205 2965 donando,

138 2996 202 3044 duos
211 2994 276 3042 lilios
285 2997 338 3055 ejus
347 2995 453 3043 creando
460 3006 588 3060 pretores,
599 3011 674 3057 quum
685 2995 738 3041 seni
749 2993 829 3040 adhuc
841 3002 1005 3040 crearentur.»
1012 2990 1208 3038 Anncaxvrr

172 3092 225 3139 Lib.
240 3094 280 3151 11,
293 3108 345 3155 cap.
359 3094 408 3154 69:
424 3114 436 3132 α
446 3092 504 3152 Quo
519 3101 628 3154 tempore
644 3090 744 3153 Capito,
761 3100 861 3153 patruus
875 3105 957 3148 meus,
973 3088 1013 3135 vir
1026 3086 1121 3135 ordinis
1135 3102 1206 3134 sena·

137 3176 210 3232 torii,
224 3175 339 3239 Agrippae
352 3174 495 3238 subscripsit
509 3174 535 3221 iu
548 3174 575 3221 C.
588 3173 704 3222 Cassium.
714 3197 726 3215 n
739 3175 815 3220 Anno
828 3174 937 3221 neom.

172 3270 227 3317 Lib.
238 3272 276 3327 ll,
289 3287 340 3335 cap.
353 3271 400 3331 76:
414 3292 426 3311 ι
437 3270 512 3331 Quod
523 3270 603 3317 alieno
614 3271 778 3318 testimonium
791 3271 934 3328 redderem,
949 3270 976 3315 in
986 3285 1015 3317 eo
1026 3286 1079 3317 uon
1089 3268 1209 3317 cantabo

139 3368 211 3402 avum
229 3368 326 3410 meum;
344 3354 435 3418 quippe
450 3354 478 3401 C.
492 3352 617 3409 Velleius,
635 3353 824 3401 honoratissimo
840 3353 904 3401 inter
920 3351 974 3399 illos
991 3352 1094 3401 ccclx
1111 3351 1209 3412 judices

138 3437 194 3484 loco
207 3452 221 3483 a
233 3436 278 3483 Cn.
293 3437 408 3498 Pompeio
425 3436 501 3484 lectus
516 3437 569 3502 (an.
583 3437 738 3501 DCXCIX),
754 3437 880 3498 ejusdem,
895 3437 1021 3500 Marcique
1032 3436 1116 3494 Bruti,
1130 3453 1158 3483 ac
1170 3435 1210 3484 Ti.

139 3519 247 3567 Neronis
257 3518 382 3581 prefectus
392 3517 502 3577 labrum,
515 3518 553 3564 vir
563 3518 625 3565 nulli
635 3520 770 3578 secundus,
780 3520 806 3567 in
818 3520 964 3584 Campania,
978 3518 1090 3582 digressu
1101 3518 1211 3566 Neronis

140 3601 284 3665 aNeapoli‚
302 3602 372 3661 cujus
386 3601 419 3648 ob
432 3601 578 3663 singularem
595 3620 649 3650 cum
668 3619 698 3650 eo
715 3603 859 3660 amicitiam,
878 3602 984 3665 partium
1002 3600 1099 3661 adjutor
1117 3600 1211 3659 fuerat,

140 3687 219 3751 gravis
227 3686 277 3745 jam
288 3695 355 3732 aetate
364 3695 388 3731 et
397 3701 511 3749 corpore,
522 3702 598 3751 quum
611 3704 692 3735 comes
702 3704 753 3734 csse
767 3701 819 3733 non
830 3695 926 3748 posset,
936 3684 1017 3749 gladio
1028 3701 1053 3731 se
1064 3685 1116 3747 ipse
1129 3696 1210 3732 trans-

140 3769 202 3816 lixit.
212 3790 225 3807 n
237 3768 312 3815 Anno
326 3766 458 3815 noem.

176 3865 231 3913 Lib.
247 3867 287 3923 ll,
306 3882 357 3929 cap.
376 3881 442 3914 ror:
461 3889 473 3907 ιι
483 3866 559 3927 Quod
576 3865 739 3930 spectaculum
757 3864 841 3911 stantis
855 3881 885 3912 ex
900 3865 997 3911 diverso
1011 3864 1070 3910 hinc
1087 3864 1210 3924 Romani,

141 3949 209 3997 illinc
222 3948 366 3996 Parthorum
378 3951 497 3997 exercitus
506 3986 513 4010 ,
522 3984 528 3995 .
537 3985 557 3997 ..
571 3950 616 3995 sub
631 3950 699 3996 initia
713 3948 891 4012 stipendiorum
906 3966 1016 3998 meorum
1030 3948 1131 3995 tribuno
1144 3948 1210 3995 mili·

143 4044 196 4083 tam
206 4032 268 4080 mihi
276 4032 354 4081 visere
364 4034 466 4098 contigit
476 4035 556 4099 (auno
567 4031 796 4096 molitionem
807 4033 898 4081 miiitiae
906 4034 1009 4097 gradum
1020 4042 1075 4081 ante
1085 4032 1131 4080 sub
1142 4041 1212 4096 patre
