2670 4836
274 343 340 410 nu
363 347 400 410 c,
424 344 649 411 tumulo
671 341 987 409 PATERCULO.
1126 344 1168 428 ιιι

96 459 246 523 luxurieque
259 462 356 526 fugem,
370 464 526 526 prudentism
541 463 626 522 ducis,
643 464 819 512 humanitatem
831 480 886 529 erge
901 463 1005 524 milites,
1018 463 1169 511 severitatem

96 559 151 607 erge
164 543 266 592 eosdem
278 547 332 593 miti
345 547 473 596 dementis
486 557 657 612 temperstsm,
671 546 831 607 modestiam,
844 547 939 594 civilem
954 547 1081 605 animum,
1093 545 1169 609 liber·

97 628 216 692 tutisque,
234 641 354 692 qtnntnm
369 632 416 680 sub
434 632 509 680 unius
524 631 639 695 auspiciis
653 632 688 679 iss
705 641 770 689 erut,
790 631 907 678 studium.
921 630 979 677 Vid.
997 631 1097 678 Sueton.
1114 630 1170 678 Tib.

100 712 147 768 ¹8,
160 720 213 769 ιι,
227 714 345 763 obmio.
360 716 463 780 Neque,
477 732 532 780 qut
546 716 577 763 de
592 717 680 776 Sejsno
693 716 809 780 predicet
826 715 882 780 (ll,
900 731 960 776 ιιι,
974 714 1025 779 sq.)
1042 715 1171 763 sveritste

97 792 243 853 sbbonent3
255 799 321 846 soni.
332 800 408 847 Tacit.
418 800 485 847 Arm.
496 800 544 857 IV,
559 815 585 860 t,
597 816 634 862 sq.
644 799 741 847 Deinde
752 815 811 847 vero
822 815 899 863 quum
912 810 1013 862 uterque
1023 800 1110 847 multus
1123 797 1172 845 vin·

97 885 159 924 tutes
171 879 317 930 simulanter
329 881 449 947 lingeret,
463 899 567 946 querum
581 885 675 931 vanitas
688 894 772 947 postes
783 883 935 947 deprehensa
948 894 1001 944 est,
1013 884 1121 931 Velleius
1132 881 1172 929 vel

97 964 241 1026 previutem
254 968 330 1014 animi
341 983 427 1016 eorum
441 967 595 1024 obselstsm‚
608 968 698 1032 pietste
708 984 763 1033 erga
776 968 913 1032 prinoipem
926 968 1089 1032 prepeditus,
1103 967 1172 1016 baud

97 1058 261 1109 penantstus
277 1053 420 1116 perspexit,
437 1051 477 1098 vel
489 1061 640 1116 perspectam
656 1050 723 1097 bend
737 1052 846 1114 aperire,
861 1052 956 1114 potius,
975 1061 1000 1097 et
1012 1051 1078 1114 vulgi
1090 1051 1171 1114 speeie

98 1127 230 1190 obtunsi,
250 1143 274 1180 et
287 1134 347 1181 culte
360 1136 501 1199 imperstori
516 1135 632 1196 laventis,
647 1134 739 1195 judicis
753 1136 822 1198 sequi
837 1134 936 1192 meluit,
955 1150 1031 1197 quum
1044 1135 1172 1192 Tiberius,

99 1227 170 1274 quem
188 1215 241 1261 sive
259 1216 369 1277 colebat,
386 1219 438 1266 sive
451 1218 592 1278 metuebat,
611 1218 674 1266 nibil
692 1219 779 1282 segnius
795 1219 885 1277 ferret,
902 1233 976 1281 quem
990 1217 1099 1276 recludi,
1118 1233 1173 1280 qut

97 1309 221 1358 premeret
233 1316 321 1348 arcens
332 1303 454 1365 pectoris3
468 1304 518 1350 vid
530 1304 605 1351 'l’scit
619 1305 688 1350 Anu.
699 1304 748 1359 lv,
763 1318 803 1362 7¹·
816 1302 941 1349 Abhorret
954 1301 1028 1364 igitur
1038 1300 1146 1348 Velleius
1159 1316 1172 1346 s

99 1382 278 1431 recentioribus
289 1385 451 1449 scriptoribus
461 1388 567 1434 menime
577 1402 624 1446 eo,
638 1385 706 1449 qnod
716 1386 756 1432 ille
768 1387 794 1432 in
805 1396 904 1433 exterus
915 1385 990 1448 msgis
1001 1400 1082 1431 rerum
1092 1382 1172 1447 specie

99 1463 202 1512 bonests
212 1467 375 1530 aequieveri13
387 1469 415 1516 bi
425 1484 500 1527 vero,
511 1469 622 1517 ultimum
632 1469 739 1517 maxime
749 1469 843 1515 Tiberii
852 1469 927 1515 vium
938 1483 1078 1530 moresque,
1089 1477 1172 1530 postes

99 1547 230 1609 Ptitfwtos
243 1551 397 1614 posterisque
411 1552 529 1612 traditos,
545 1553 686 1613 intuentes,
700 1553 769 1600 nullo
782 1552 892 1617 periculo
908 1562 977 1610 tum,
991 1567 1067 1614 quum
1081 1551 1172 1599 scribe·

100 1629 173 1691 bant,
192 1632 241 1680 sibi
258 1634 417 1692 imminente,
436 1637 548 1685 internos
566 1637 637 1684 istius
654 1653 739 1685 sensus
756 1638 881 1700 animique
903 1636 1034 1683 foeditstem
1050 1636 1078 1682 in
1094 1636 1185 1684 lucem*

99 1717 274 1777 prouenerint
281 1720 345 1766 Tum
355 1736 386 1767 ne
395 1720 514 1768 incideret
526 1722 553 1768 in
564 1732 615 1769 sets
624 1722 719 1768 liberii
729 1720 903 1785 vituperanda,
917 1729 990 1782 utque
999 1720 1174 1780 offensionem,

99 1797 127 1845 lu
136 1815 211 1863 quem
221 1801 396 1851 descendendo
410 1804 441 1851 sd
455 1806 550 1870 singule
564 1805 657 1852 lucilius
667 1805 790 1852 insumere
802 1814 912 1869 poterat,
926 1803 1040 1861 evitent,
1054 1818 1174 1851 summam

99 1891 194 1933 notun
204 1887 303 1951 imperii
314 1892 369 1951 eius
381 1901 522 1956 persecutus
533 1901 585 1948 est,
598 1891 779 1937 excusetionem
792 1890 866 1951 buius
878 1888 974 1937 consilii
987 1888 1013 1935 in
1024 1888 1081 1935 viva
1094 1903 1174 1951 equs·

100 1967 160 2015 lium
172 1973 291 2019 memods
303 1973 413 2033 bsbeus3
427 1973 477 2021 vid.
489 1976 532 2034 11,
547 1975 610 2033 rob,
623 1991 660 2038 pr.
671 1977 708 2021 lts
717 1990 775 2021 ssue
789 1975 824 2021 sss
835 1981 886 2020 eret
896 1971 1008 2035 scriptori
1020 1971 1094 2019 mults
1105 1971 1177 2018 omit-

100 2059 168 2112 tete,
180 2054 272 2115 nuto,
285 2072 339 2119 quae
348 2057 471 2122 preterire
483 2057 647 2121 periculosum
659 2066 726 2115 erat,
738 2055 846 2103 breviter
856 2055 988 2120 attingere,
1002 2064 1075 2117 stque
1084 2053 1175 2102 bones·

101 2134 157 2180 tetis
169 2137 251 2200 speeie
264 2138 296 2186 sb
309 2139 363 2187 suls
375 2140 428 2204 ipss
441 2150 557 2204 pretenta
570 2140 691 2204 obtegere.

135 2222 250 2287 Denique
264 2241 317 2273 uon
327 2227 524 2290 pretereundum
536 2238 586 2286 est,
600 2228 712 2274 orstorise
723 2223 905 2290 mplificsuoni
918 2233 941 2269 et
952 2221 1122 2275 exornationi,
1136 2222 1176 2268 cui

101 2303 210 2352 Velleius
223 2307 321 2367 studet,
335 2308 428 2372 sliquid
440 2309 625 2358 concedendum
639 2324 709 2368 esse,
722 2307 766 2355 ubi
780 2306 912 2353 ndulstoris
924 2319 1055 2368 personum
1066 2302 1177 2351 induisse

104 2384 209 2435 videtur.
226 2389 271 2436 llls
286 2389 354 2438 enim
370 2391 482 2440 ellectum
498 2402 548 2451 est,
565 2401 593 2439 ut
608 2391 684 2438 mults
697 2406 726 2438 os
742 2388 905 2438 adulatorium
922 2396 1053 2445 resonent,
1069 2384 1177 2449 quibus,

102 2482 192 2519 osnstu
206 2472 333 2535 detracto,
347 2475 382 2523 nil
395 2476 445 2524 nisi
459 2491 525 2523 mera
538 2476 628 2523 veritus
641 2474 726 2522 subsit.

138 2558 227 2623 Neque
236 2560 265 2608 in
276 2561 364 2608 vitium
374 2562 437 2609 verti
447 2572 528 2625 potest
537 2561 648 2621 Velleio,
659 2558 727 2624 quod
738 2559 767 2605 in
777 2553 870 2605 Tiberii
880 2556 980 2621 grstism
990 2557 1057 2618 iusto
1067 2554 1179 2617 iniquior

103 2656 156 2688 esse
170 2642 284 2691 sidentur
294 2660 351 2708 erge
361 2655 458 2693 extem
467 2645 565 2705 hostes,
578 2643 692 2708 inprimis
704 2658 759 2707 erga
771 2641 908 2690 Germsuioe
921 2638 1040 2704 populos,
1053 2639 1177 2687 :Tiberio

104 2727 260 2788 debellstos,
276 2728 328 2789 its,
346 2740 374 2777 nt
393 2746 453 2789 eos,
474 2730 517 2793 qui
535 2744 661 2791 nunquam
680 2728 799 2776 llosusnis
816 2726 974 2783 obedierint,
994 2725 1067 2771 armis
1086 2724 1178 2788 captis,

104 2812 208 2860 rebelles
224 2813 304 2874 diest,
322 2815 420 2863 eosdem
435 2816 576 2879 perterritos
589 2825 699 2873 tuntum,
716 2803 826 2878 repulsos
840 2824 864 2860 et
879 2812 1025 2876 dissipatos,
1038 2828 1085 2876 pro
1098 2811 1178 2859 fruetis

104 2897 220 2959 penitus,
234 2898 321 2959 victis,
340 2909 412 2962 etque
428 2898 519 2946 deditis
536 2897 639 2958 habent,
652 2897 804 2960 omninoque
817 2912 904 2944 eorum
917 2896 1002 2943 decori
1016 2893 1119 2942 multum
1134 2893 1178 2942 de·

105 2981 192 3028 trslnt.
205 2983 261 3028 lloc
273 2998 332 3029 ssne
346 2982 489 3047 srrogsntise
505 2997 612 3030 romense
626 2992 678 3039 est,
693 2997 741 3044 qus
756 2996 844 3028 omnes
859 2980 990 3043 scriptores
1003 2979 1078 3040 hujus
1092 2978 1179 3042 populi

104 3062 225 3110 laborent.

141 3147 204 3208 Qua
216 3149 300 3195 omnis
314 3164 390 3211 quum
403 3149 436 3196 its
450 3149 514 3207 sint,
529 3149 625 3196 suimus
638 3159 662 3196 et
674 3148 786 3195 voluntas
801 3148 853 3206 ejus
867 3146 977 3210 prolecto
991 3143 1106 3191 adulandi
1117 3143 1179 3192 vitio

106 3231 141 3275 its
153 3241 285 3294 corruptus
295 3246 347 3279 non
361 3232 423 3291 fnit,
435 3242 464 3279 nt
474 3242 573 3279 exueret
586 3232 668 3279 subito
680 3232 786 3279 veritatis
799 3229 922 3289 studium,
936 3227 1004 3292 quod
1016 3229 1043 3275 iu
1058 3228 1179 3291 superiori

105 3313 189 3376 operis
203 3323 273 3376 perte
289 3312 439 3377 prodiderat.
454 3313 523 3363 Idem
540 3315 622 3377 potius
636 3313 746 3361 studlum
757 3314 785 3360 in
799 3322 907 3359 extreme
920 3326 1019 3373 quoque
1033 3311 1179 3375 particulae

106 3412 191 3443 rerum
204 3396 295 3444 selectu
308 3407 333 3443 et
345 3397 432 3445 csllids
446 3398 539 3445 ratione
553 3412 594 3444 ess
606 3395 728 3445 tractsudi
741 3396 828 3442 elucet.

141 3482 172 3528 ln
181 3479 325 3528 atimsnds
334 3482 407 3546 igitur
413 3481 500 3529 Velleii
509 3479 559 3527 lide
570 3480 682 3528 voluntas
692 3483 746 3541 eJns
756 3496 811 3527 vers
822 3478 939 3526 nsrrsndi
948 3479 974 3525 iu
985 3477 1089 3526 dubium
1098 3479 1180 3525 vocsri

106 3565 208 3628 nequit;
226 3565 255 3612 in
270 3576 390 3629 qusntum
408 3581 467 3613 vero
485 3564 616 3613 obsecutus
634 3565 658 3610 ei
674 3565 763 3624 fuerit,
780 3563 848 3610 facile
866 3580 897 3611 ex
915 3565 968 3624 ejus
985 3561 1061 3609 snimi
1078 3559 1181 3619 indole,

107 3646 221 3695 sensibus
234 3663 291 3712 erge
299 3647 427 3695 Tiberium
441 3658 466 3694 et
476 3647 577 3695 domum
590 3646 741 3709 Augustam,
758 3662 789 3693 ex
802 3646 939 3710 priucipis,
956 3660 1029 3708 quesn
1039 3643 1180 3703 eunrrsbst,

107 3731 208 3795 iugenio
218 3741 244 3778 et
253 3730 377 3789 moribus,
387 3741 576 3795 temporumque
584 3746 616 3778 ex
624 3730 778 3789 conditione,
788 3729 934 3794 comperstis
942 3727 1047 3775 eliorum
1054 3738 1180 3775 suetorum

107 3815 269 3874 ιοιιίιιιοιιίἰι,
284 3815 350 3880 exigi
364 3826 451 3879 potest.

142 3897 213 3946 ldem
226 3914 287 3946 vero
297 3900 404 3947 veritatis
417 3898 527 3946 studium
537 3909 602 3962 patet
616 3915 714 3962 quoque
724 3900 752 3947 in
762 3899 894 3963 antiquiori
907 3898 1008 3945 historio
1019 3894 1137 3943 tradenda
1150 3909 1181 3940 ex

109 3982 203 4029 ratione
213 3998 287 4044 quem
295 3983 398 4030 minime
409 3983 534 4029 temeraria
545 4016 552 4041 ,
566 3999 613 4046 qus
623 4019 629 4041 ,
642 3999 696 4046 quae
707 3984 793 4032 traditu
804 3992 944 4047 acceperat,
957 3981 1072 4028 retulerit.
1084 3978 1181 4025 Nullius

110 4064 193 4126 euim,
210 4081 291 4132 neque
304 4065 457 4117 celeberrimi
476 4067 581 4116 suctorIs
600 4068 766 4116 testimouium
786 4078 876 4135 temere
894 4065 1017 4128 sequitur,
1037 4062 1079 4109 sed
1098 4060 1180 4125 potius
