2670 4836
206 306 270 386 xlvj
478 300 705 366 NOTITIA
730 298 1017 362 LITERARIA

207 427 246 475 rel
259 435 400 489 separatus,
419 420 458 469 rel
474 423 571 482 junctas
588 419 729 468 exhibente.
744 419 822 465 Porro
835 418 930 482 absque
938 418 1038 482 punctis
1053 432 1080 467 et
1088 421 1290 476 distinctionibus

206 511 280 559 inisse
292 516 392 555 testatur
404 504 553 561 Rhenanns;
567 514 592 551 at
602 503 717 549 llumriua
728 500 816 564 saepius
826 500 920 547 nonsit
929 501 1155 566 interpunctionem
1166 504 1228 555 libri
1239 512 1277 557 sui
1283 544 1290 572 ,

206 607 280 655 quam
295 589 410 636 Rbeneni
422 587 499 634 editio
510 587 657 633 deseruerat.
671 585 757 648 Neque
769 584 847 632 cmuit
857 584 885 630 in
897 584 1000 633 vocibus
1013 587 1120 635 maxime
1131 588 1215 639 obviis
1230 594 1289 641 faci·

207 674 360 735 limibusque
374 671 497 718 intellectu
512 667 662 734 compendiis
678 666 811 725 scribendi,
833 683 887 731 quse
901 669 984 717 retulit
995 679 1047 717 tum
1061 671 1140 720 editio
1154 675 1289 743 princeps,

207 769 260 806 tum
276 757 371 804 Burerii
387 755 519 803 adnotatio.
535 751 742 817 orthographiam
757 761 837 798 autem
853 751 912 798 libri
928 752 1096 801 murbacensis
1112 756 1286 821 singularem,

202 857 312 906 pravom
326 851 351 887 et
362 839 542 886 inconstsntem
556 836 711 884 tradiderunt
722 835 797 882 iidem
812 835 947 883 Rhenanus
960 847 1032 900 atque
1046 839 1182 899 ilurerius;
1197 842 1229 890 de
1240 860 1289 908 qna

207 926 301 990 duplex
315 924 334 970 ii
347 923 452 988 simplici
464 922 549 981 litera,
562 931 590 968 nt
602 923 631 969 in
642 919 758 983 Pompei,
770 920 874 980 consili,
889 921 1007 985 scriptum
1020 922 1231 975 uombilissimum
1245 941 1289 977 est.

207 1011 361 1056 lacunosum
374 1008 465 1066 fuisse,
481 1021 555 1070 supru
570 1004 727 1065 jamdictum
740 1015 791 1062 est;
810 1004 853 1052 sed
869 1005 1007 1070 glossarum
1023 1007 1204 1071 marginalium
1219 1013 1288 1074 nulla

208 1093 309 1156 vestigio
328 1090 467 1139 observavit
487 1090 617 1147 But-erius,
637 1103 785 1152 quamquem
803 1104 844 1136 eas
861 1097 955 1136 mature
976 1090 1003 1136 iu
1021 1091 1171 1139 vetustiores
1189 1094 1288 1144 codices

208 1175 348 1239 irrepsisse,
363 1185 387 1220 et
399 1174 428 1220 iu
438 1172 625 1220 morbacensem
640 1188 666 1218 se
679 1186 840 1236 propagasse,
854 1172 891 1219 rei
905 1188 918 1219 a
932 1171 1033 1220 librario
1047 1173 1205 1224 murbacensi
1216 1194 1230 1225 e
1242 1196 1288 1228 suo

209 1257 322 1321 exemplo
336 1258 440 1304 intrusa
454 1272 524 1316 esse,
541 1258 598 1316 J'ure
612 1257 768 1320 suspicantur
781 1257 868 1304 critici.
885 1257 1000 1319 Denique
1016 1258 1216 1323 correctionum,
1234 1279 1287 1312 nou

208 1340 309 1403 quidem
326 1346 462 1404 perpetuo,
482 1339 524 1386 sed
542 1338 569 1386 iu
587 1339 649 1386 locis
666 1339 766 1386 fortuito
784 1339 970 1387 occurrentibus
986 1341 1102 1388 iacturum
1121 1345 1225 1408 vestigia
1243 1346 1287 1394 de·

207 1422 340 1488 prehendit
358 1423 489 1482 hunus,
506 1438 530 1470 r.
547 1438 569 1469 c.
582 1422 663 1469 literas
682 1419 818 1485 superfluas
835 1423 887 1469 sive
906 1438 999 1482 massa,
1017 1424 1069 1471 sive
1082 1436 1177 1488 puncto
1194 1427 1286 1477 deletili

208 1508 399 1571 superimposito
412 1507 552 1565 damnatas,
569 1506 746 1554 correctionem
759 1506 958 1568 interlinearem,
976 1509 1177 1558 emendationem
1197 1516 1286 1578 margi·

208 1591 305 1650 nalem,
319 1606 420 1653 eamque
432 1606 530 1647 veram,
544 1600 663 1653 punctum
677 1589 816 1651 divisibile,
829 1592 894 1639 inter
904 1605 976 1639 voces
986 1591 1164 1657 disjungendae
1178 1612 1285 1661 superne

209 1673 390 1737 interpositum.

243 1756 443 1820 Corruptelurum
461 1765 542 1804 antem
559 1755 672 1803 lectionis
690 1767 748 1804 suut
766 1758 910 1817 innumera,
929 1774 1035 1821 quorum
1053 1762 1183 1825 potissima
1201 1766 1287 1828 paucis

208 1856 321 1888 enarrare
336 1841 371 1887 sss
384 1841 438 1888 crit.
452 1842 542 1887 Insunt
555 1840 616 1887 etin
629 1856 733 1900 vocum,
751 1840 898 1905 syllabarum
911 1840 1086 1906 literarumque
1099 1845 1138 1892 rel
1148 1845 1184 1892 ob
1197 1847 1285 1894 simili-

207 1925 318 1971 tudiuem
331 1923 464 1980 ductuum,
479 1924 518 1970 vel
531 1922 564 1970 ob
576 1923 700 1971 scribendi
711 1924 900 1988 compendium,
911 1925 973 1972 mele
983 1943 996 1974 a
1006 1927 1114 1975 librariis
1122 1930 1284 1994 explicitum,

208 2006 447 2072 permutationibus3
462 2016 487 2054 et
501 2008 527 2054 iu
543 2007 684 2054 earumdem
699 2018 740 2055 aut
753 2008 943 2069 omissionibus,
957 2011 1008 2058 sire
1024 2013 1157 2061 temeritate
1171 2015 1285 2072 librarii,

208 2094 258 2142 aive
276 2093 430 2140 aberratione
446 2092 574 2140 oculorum
589 2092 619 2139 ad
638 2093 718 2140 ricino
732 2093 837 2152 similia,
853 2095 903 2142 sive
919 2111 995 2158 prava
1012 2097 1160 2162 syllabarum
1174 2099 1285 2161 disjunc-

208 2178 275 2226 tione
288 2177 372 2234 factis;
389 2178 418 2224 iu
433 2178 559 2225 literarum
573 2188 597 2224 et
611 2177 744 2225 verborum
760 2178 1007 2242 transpositionibus3
1020 2180 1049 2227 in
1065 2181 1147 2229 verbis
1161 2183 1195 2231 ob
1212 2184 1284 2232 aber-

206 2263 328 2311 rationem
338 2261 467 2309 oculorum
477 2263 528 2310 sire
542 2261 572 2309 ad
587 2260 767 2326 procedentia,
781 2262 832 2308 sive
846 2262 877 2309 ad
889 2261 1063 2325 subsequentia
1075 2264 1161 2326 iniquo
1175 2266 1232 2314 loco
1244 2280 1286 2315 aut

207 2346 333 2409 repetitis,
353 2355 395 2392 aut
411 2346 550 2409 occupatis;
571 2345 597 2391 in
615 2343 790 2408 compendiosa
804 2344 925 2407 scriptura
942 2359 1056 2407 perverse
1074 2346 1196 2395 intellecta
1212 2359 1285 2414 atque

206 2431 336 2495 explicits3
349 2431 377 2477 in
388 2431 564 2478 vocabulorum
578 2428 678 2494 syllabis
690 2427 730 2475 vel
742 2427 883 2491 prodigiose
896 2426 1040 2488 disjunctis,
1053 2429 1092 2476 vel
1104 2431 1243 2495 copulatis3
1259 2434 1285 2481 in

207 2513 353 2562 nominibus
366 2513 474 2576 propriis
487 2529 534 2577 pro
548 2512 715 2577 appellativis,
729 2521 753 2558 et
765 2520 867 2567 contre,
883 2509 982 2558 indocte
999 2511 1090 2559 babitis
1106 2523 1131 2560 et
1145 2523 1286 2565 monstrose

206 2596 345 2659 corruptis;
359 2605 387 2642 ut
404 2606 495 2642 taceam
511 2595 558 2642 ulia
572 2594 720 2659 singularia,
734 2603 757 2640 et
774 2609 828 2657 qnte
840 2594 1039 2656 interpunctione
1052 2595 1160 2659 neglecti
1173 2600 1214 2647 vel
1227 2616 1285 2664 per-

205 2694 275 2727 versa
288 2677 398 2742 peccavit
410 2677 534 2725 librarius.
548 2680 663 2740 Quorum
677 2678 793 2726 vitiorum
810 2677 921 2742 exempla
938 2678 1054 2726 omuibus
1069 2680 1119 2727 iere
1132 2683 1230 2745 psginis
1243 2700 1285 2734 oe·

206 2773 317 2810 currunt.

241 2846 340 2907 Quibus
358 2860 417 2893 vero
431 2844 547 2893 muandis
564 2861 622 2892 cum
638 2845 743 2892 aliorum
761 2844 883 2892 librorum
895 2845 1043 2909 scriptorum
1059 2862 1106 2911 ope
1122 2846 1233 2897 destituti
1247 2867 1286 2899 es·

204 2938 260 2976 aeut
275 2928 383 2987 eruditi,
400 2928 433 2976 ad
450 2930 615 2989 coniecturam
628 2928 704 2976 solam
719 2929 912 2993 confugiendum
927 2940 996 2988 erat,
1012 2947 1061 2994 qus
1074 2941 1102 2979 ut
1116 2934 1286 2983 restitueretur

205 3028 292 3061 manus
307 3013 412 3071 Velleii,
428 3013 534 3059 editores
548 3021 573 3059 et
583 3012 728 3075 interpretes
738 3012 798 3061 inde
809 3030 822 3061 a
833 3014 916 3063 seculo
928 3016 990 3062 ΠΙ
999 3015 1032 3062 ad
1044 3016 1196 3065 hodiernum
1208 3034 1286 3083 usque

204 3095 271 3144 diem
285 3095 436 3145 laborarunt
454 3096 510 3142 Jam
528 3111 697 3143 recenseamus
711 3095 778 3143 viros
795 3096 896 3157 doctos,
913 3097 956 3161 qui
973 3099 1085 3147 acumine
1101 3109 1126 3147 et
1143 3100 1285 3150 eruditione

203 3195 247 3228 sua
261 3180 292 3227 de
307 3180 403 3228 Velleio
417 3178 573 3228 emendando
586 3179 650 3227 bene
665 3181 746 3227 meriti
760 3192 824 3230 sunt.

208 3321 282 3370 tiso.
299 3320 383 3369 Editio
396 3321 514 3386 princeps
529 3337 542 3367 e
555 3318 639 3367 codice
654 3287 828 3381 murbacensi,
846 3321 884 3369 vel
899 3322 982 3386 potius
1000 3338 1032 3370 ex
1047 3323 1190 3388 apographo
1208 3325 1285 3388 hujus

326 3404 384 3452 libri
400 3420 452 3453 uon
466 3404 524 3452 satis
538 3403 669 3468 diligenter
682 3403 744 3452 iacto
759 3421 888 3468 expressa,
902 3404 996 3469 prodiit
1009 3407 1055 3453 sub
1070 3406 1170 3455 iudice:

291 3501 319 3547 P.
333 3501 440 3546 Venerit
456 3500 600 3547 Psrsucuut
615 3500 745 3546 Htsronrn
759 3515 872 3548 nouum
886 3516 936 3547 uuo
949 3516 1097 3559 vouutstns,
1111 3515 1146 3548 su
1158 3503 1196 3550 M.
1207 3505 1285 3552 Vtut·

327 3599 393 3630 murt
410 3583 467 3631 Cos.
485 3596 655 3630 mournunuts
672 3583 771 3630 Treueri
787 3583 915 3643 Custms,
932 3600 977 3647 per
995 3585 1101 3632 Butruts
1117 3586 1284 3647 llusssuu,

328 3665 543 3722 Selectodiensem,
563 3665 593 3712 ab
607 3665 709 3713 interitu
723 3677 848 3729 utcunque
865 3666 995 3715 vindicate
1015 3671 1044 3715 ln
1063 3667 1144 3715 ealce:
1162 3670 1283 3730 Busiieoe,

328 3749 356 3797 iu
367 3749 461 3797 aedihus
472 3752 513 3798 Jo.
526 3748 657 3807 Frobenii,
673 3765 756 3797 meuse
766 3749 905 3798 novembri.
916 3752 991 3798 Auno
1003 3751 1122 3810 MDXX,
1133 3751 1212 3799 its-fot.
1223 3755 1284 3801 min.

237 3859 299 3923 Qun
312 3859 406 3919 editio,
422 3861 512 3921 credo,
527 3860 561 3909 ob
573 3861 751 3925 exemplarium
764 3863 910 3926 penuriam,
925 3861 1024 3910 emendi
1037 3861 1136 3926 cupidis
1148 3878 1202 3910 non
1214 3862 1285 3911 miii·

200 3943 323 4003 cientem,
337 3960 397 3993 mox
409 3946 495 3993 iterata
505 3956 548 3993 est.
561 3945 625 3993 Nam
638 3943 792 3993 Ruhnkenio
804 3944 836 3992 ad
848 3961 935 3993 munus
946 3956 1015 3994 erant
1027 3945 1079 3994 duo
1091 3946 1144 4007 ejus
1156 3946 1285 4011 exempla,

201 4045 306 4090 quorum
320 4030 508 4094 discrepantiam
520 4031 551 4077 atl
566 4032 606 4085 ll,
621 4032 653 4091 67
666 4067 673 4090 ,
688 4041 713 4078 et
725 4032 756 4091 78
769 4040 848 4089 extu,
864 4031 973 4087 notarit:
988 4045 1043 4092 quse
1053 4046 1085 4078 au
1099 4030 1213 4094 pluribus
1224 4031 1286 4080 locis
