2670 4836
169 318 210 383 xl,
380 306 384 315 ¹
439 313 662 379 NOTITIA
685 314 969 381 LITERARlA

168 449 219 480 non
237 434 298 497 fugit
314 433 421 480 liberalis
438 433 539 496 qnidam
556 433 633 480 animi
652 433 754 480 istorum
774 432 891 497 spiritus,
911 432 954 480 sed
974 429 1090 496 prudenti
1108 443 1160 478 arte
1178 433 1241 480 mire

168 525 321 580 temperatus.
337 516 444 563 Velleius
460 517 527 564 enim
541 517 604 564 bene
618 516 692 564 multa
706 515 790 574 dedit,
808 515 834 562 in
847 515 925 578 priori
940 515 1045 562 maxime
1060 515 1142 578 operis
1156 527 1241 578 parte,

166 598 289 646 liberioris
307 600 407 663 spiritus
427 599 590 658 documenta,
610 598 700 662 quibus
718 599 769 646 veri
789 599 900 662 aequique
918 614 1017 646 sensum
1035 598 1165 663 probavit,
1185 609 1210 645 et
1228 615 1241 646 a

166 681 272 745 partium
283 682 365 729 studio
377 683 483 731 alienum
493 699 519 730 se
530 683 648 747 praestitit.
658 684 742 746 Quum
752 684 817 730 enirn
829 683 984 745 optimatium
992 699 1080 730 caussae
1090 700 1117 730 ac
1129 683 1242 748 partibus

166 765 292 814 addictum
303 783 329 814 se
339 768 492 831 patefecerit,
507 778 605 825 tamen,
619 766 656 814 vel
670 767 736 814 vitiis
746 766 941 825 adversariorum
952 782 1036 814 earnm
1047 766 1154 830 partium
1168 767 1241 814 casti-

166 853 245 912 gatis,
258 853 359 900 virtutes
372 853 463 901 horum
475 870 528 901 non
538 854 637 911 reticet,
650 853 733 917 potina
745 854 839 918 egregie
852 852 986 911 collaudat3
1000 863 1085 901 contra
1095 852 1123 899 in
1138 851 1242 916 optima·

165 933 233 982 tibus
247 937 319 983 etiam
333 952 413 984 rnores
426 953 532 1001 pravos,
545 937 720 994 temeritatem,
732 936 863 995 saevitiam,
875 937 1062 1000 impotentiam,
1074 935 1168 998 aliaque
1183 936 1241 982 vitia

167 1020 276 1082 agnoscit
289 1031 313 1068 et
326 1021 453 1085 rimperat.
471 1021 501 1067 ld
517 1021 579 1068 adeo
596 1021 673 1068 facere
688 1035 742 1069 non
755 1019 891 1081 dubitarit,
911 1021 955 1068 nbi
971 1020 1002 1068 ad
1014 1020 1114 1070 Caesaris
1132 1030 1156 1067 et
1172 1020 1240 1067 inse-

167 1104 266 1165 quentia
283 1115 394 1169 tempora
412 1106 536 1169 pervenit,
556 1105 587 1151 de
607 1104 713 1167 quibus,
732 1104 785 1167 ipse
804 1114 861 1167 post
878 1105 1022 1152 exstinctam
1038 1103 1174 1151 libertatem
1192 1102 1239 1150 sub

168 1188 242 1235 unius
256 1189 371 1253 auspiciis
383 1200 471 1250 natus,
491 1206 547 1237 cum
560 1189 762 1254 prudentioribus
775 1191 864 1250 sensit,
879 1190 922 1253 qui
934 1205 987 1237 rem
1001 1206 1128 1238 romanam
1140 1190 1171 1237 ad
1186 1205 1240 1237 earn

168 1280 307 1336 temporum
320 1274 486 1321 necessitatem
499 1289 550 1321 esse
563 1273 685 1321 redactam
698 1282 827 1336 putarent,
843 1285 870 1321 ut
883 1275 956 1322 nnius
969 1275 1100 1338 imperium
1112 1273 1240 1321 communi

168 1354 239 1403 saluti
255 1372 329 1419 quam
342 1357 447 1405 maxime
462 1356 618 1406 conduceret.
632 1358 736 1405 Catones
750 1356 827 1416 adeo,
844 1358 932 1404 Brutos
944 1367 968 1404 et
980 1357 1075 1404 Cassios
1088 1356 1239 1414 admiratur,

168 1453 303 1501 eorumque
317 1440 447 1500 virtutem,
464 1440 649 1498 fortitudinem,
665 1439 807 1503 ingenium,
826 1440 940 1503 inprimis
953 1441 989 1486 Μ.
1006 1440 1091 1499 Bruti,
1109 1439 1239 1502 insigniter

168 1523 290 1583 celebrat,
309 1526 479 1588 fortunamque
499 1541 585 1572 eorum
602 1542 658 1571 cum
675 1525 742 1588 gravi
761 1540 834 1571 sensu
855 1534 951 1571 enarrat
969 1524 1040 1589 (vid.
1058 1525 1099 1583 Il,
1117 1524 1151 1571 35
1161 1562 1169 1586 ,
1188 1526 1240 1582 5⁸,

168 1610 220 1671 69,
236 1606 300 1672 7a);
316 1626 395 1672 neque
411 1621 508 1669 umen,
526 1626 580 1672 quse
596 1609 756 1673 vituperanda
769 1618 838 1655 erant
854 1608 881 1655 iu
895 1609 1004 1668 Catone,
1019 1608 1103 1655 reticet
1116 1608 1183 1674 (vid.
1199 1610 1240 1669 11,

169 1692 219 1752 45,
234 1691 297 1755 49),
313 1704 337 1741 et
350 1710 522 1757 percussorum
536 1693 636 1742 (suns
648 1693 770 1757 ingratum
780 1693 890 1738 animum
904 1701 975 1754 atque
989 1707 1097 1739 caussam
1106 1691 1240 1755 improbat.

167 1774 269 1824 Caeaaris
284 1779 345 1827 adeo
360 1794 456 1826 errores
472 1789 496 1826 et
509 1777 699 1840 imprudentiam
716 1776 790 1839 tangit
808 1775 866 1839 (11,
886 1775 933 1832 ³5,
951 1783 1002 1834 lt,
1016 1775 1049 1831 45
1057 1809 1065 1833 ,
1081 1773 1146 1838 56),
1159 1790 1240 1838 neque

167 1876 211 1920 ea,
225 1877 279 1924 quae
289 1865 401 1925 Augusto
411 1864 525 1927 imputari
538 1872 661 1926 poterant,
673 1871 719 1912 eta
731 1858 856 1906 nonnullis
867 1875 923 1905 vere
934 1857 1132 1922 imputabantur,
1143 1858 1241 1906 silentio

168 1947 337 2008 praetermisit3
355 1947 406 1993 vid.
422 1950 461 2005 11,
479 1949 528 2005 66,
547 1955 588 2006 74.
605 1945 652 1993 Sed
668 1946 696 1992 in
710 1945 749 1991 his
768 1944 842 1991 rebus
855 1943 985 1990 tractandis
1002 1959 1030 1991 ea
1048 1953 1098 1990 arte
1114 1958 1173 1991 usus
1189 1954 1242 2005 est,

168 2029 276 2094 primurn
288 2041 315 2077 ut
326 2031 353 2077 in
365 2031 510 2078 adversariis
519 2031 620 2079 Caesaris
634 2030 734 2076 nimiam
745 2038 839 2076 caveret
849 2027 960 2085 laudem,
972 2043 1094 2091 quamque
1105 2028 1136 2074 iis
1147 2027 1242 2075 tribue·

169 2123 220 2172 ret,
235 2129 287 2161 eam
299 2113 366 2161 baud
377 2115 497 2163 immerita
507 2114 685 2178 vituperatione
698 2123 858 2177 temperarem
872 2111 963 2160 deinde
975 2122 1003 2160 ut
1012 2106 1134 2160 &aarum
1145 2130 1242 2161 errores

167 2194 292 2243 lenissime
305 2206 412 2262 tangeret
426 2197 491 2263 (vid.
501 2201 544 2256 ll,
560 2196 622 2261 35);
636 2208 687 2245 turn
699 2207 727 2244 ut
740 2212 841 2255 eorum,
855 2212 909 2259 quas
922 2195 950 2242 lsi
964 2195 1131 2258 deliquerant,
1143 2197 1241 2260 culpam

168 2278 195 2325 in
207 2279 268 2328 alios
281 2281 397 2346 relegaret
409 2281 474 2347 (vid.
486 2285 528 2342 11,
546 2282 597 2343 50,
613 2283 664 2342 56,
680 2283 730 2341 66,
747 2279 809 2344 74);
823 2279 929 2342 denique
943 2279 970 2327 in
983 2279 1022 2326 bis
1036 2281 1140 2328 omnino
1152 2281 1241 2327 famam

166 2361 307 2426 judiciaque
317 2364 376 2411 aulae
385 2375 534 2428 sequeretur.
544 2364 711 2413 Certissimum
722 2364 789 2410 enirn
799 2373 847 2421 est,
855 2363 993 2426 Angustum
1002 2362 1173 2426 imprudenter
1181 2364 1243 2411 facta

167 2444 229 2493 Julii
245 2446 346 2495 Caesaris
362 2448 528 2512 improbasse,
545 2448 678 2510 seduloque
697 2447 795 2493 cavisse.
810 2448 918 2509 Sequens
938 2446 970 2494 ita
988 2446 1047 2493 aulae
1064 2447 1152 2494 famam
1168 2457 1242 2510 atque

166 2528 260 2590 judicia
268 2531 376 2579 Velleius
386 2532 460 2579 duces
469 2547 568 2594 quoque
577 2532 663 2579 habuit
671 2532 817 2595 scriptores,
828 2532 934 2581 maxime
942 2541 1041 2595 poetas,
1051 2533 1097 2580 tevi
1107 2532 1241 2596 Auguste13

168 2629 249 2676 neque
259 2630 367 2678 unquam
378 2632 435 2663 sane
447 2615 523 2679 magis
533 2614 630 2662 consilii
642 2624 710 2673 erat,
723 2629 809 2662 eorum
819 2614 975 2678 prudentiam
987 2615 1094 2673 imitari,
1107 2631 1181 2678 quam
1194 2615 1242 2663 sub

170 2695 280 2756 Tiberii,
299 2698 486 2761 suspicacissimi
501 2709 526 2745 et
539 2698 664 2745 saevissimi
676 2697 800 2756 hominis,
817 2697 929 2761 imperio.
945 2697 1010 2745 Huic
1024 2713 1083 2744 vero
1099 2697 1135 2744 rei
1149 2713 1175 2745 ae
1189 2708 1242 2745 sta·

170 2779 268 2840 duisse,
282 2781 396 2844 inprimis
408 2783 436 2829 in
447 2782 558 2830 virorum
571 2780 701 2845 personis,
714 2779 801 2827 invisis
813 2779 928 2839 Tiberio,
942 2779 1107 2840 dijudicandis
1117 2780 1171 2844 ipse
1182 2796 1242 2844 pro·

170 2861 207 2909 dit
220 2862 275 2926 (ll,
288 2864 337 2925 93,
352 2880 397 2927 97,
412 2880 478 2922 roa,
493 2863 573 2927 aar),
587 2880 618 2911 ne
632 2864 706 2927 igitur
719 2863 881 2911 dubitandum
893 2864 939 2923 sit,
953 2879 1009 2911 eum
1019 2864 1047 2911 in
1056 2863 1156 2926 reliquis
1167 2865 1242 2912 etiam

169 2962 201 2995 ex
210 2946 271 2994 aulas
285 2948 403 2995 sententia
414 2963 483 2994 suam
494 2959 647 3011 temperasse.
658 2946 689 2993 Id
698 2962 756 2993 sane
770 2947 797 2993 in
807 2946 889 3007 Sejani
898 2945 1012 2993 laudibus
1022 2947 1180 3010 perspicuum
1191 2959 1243 3007 est,

169 3031 239 3090 qu‘ua
252 3031 329 3094 gratia
344 3029 410 3094 apud
428 3030 555 3077 Tiberium
573 3029 683 3077 florentis
703 3040 812 3094 tempora
829 3047 906 3093 quum
918 3041 1057 3090 enarraret,
1075 3030 1241 3079 recedendum

169 3129 221 3162 non
240 3126 290 3162 erat
308 3114 425 3177 pmdenti
442 3112 555 3177 scriptori
573 3130 587 3160 a
601 3114 721 3178 Principis
735 3115 766 3160 de
784 3115 832 3162 boc
850 3115 951 3163 homine
968 3115 1081 3175 judicic,
1100 3132 1133 3164 ex
1148 3116 1242 3165 indolis

169 3213 315 3260 morumque
328 3200 381 3258 ejus
394 3197 475 3261 specie
487 3207 637 3261 temperato;
651 3198 714 3244 conf.
726 3198 782 3245 Tac.
794 3198 861 3245 Ann.
875 3199 923 3256 Π,
940 3213 966 3256 1,
979 3214 1015 3261 sq.

204 3281 286 3328 Metus
299 3297 357 3327 sane
367 3280 460 3328 Tiberii
471 3289 542 3343 atque
554 3279 613 3326 aulae
624 3280 687 3327 rexit
695 3279 816 3327 Velleium
825 3280 851 3327 in
862 3280 1009 3340 scribendo,
1023 3282 1067 3329 sed
1078 3298 1131 3330 non
1139 3300 1243 3347 prorsus

168 3366 278 3429 corrupit
291 3364 321 3411 ad
336 3363 445 3412 infimam
460 3364 640 3424 adulationem,
653 3375 677 3411 et
687 3380 749 3410 verae
761 3363 869 3412 historie
880 3364 1094 3428 depravationem
1107 3367 1191 3430 potius
1202 3369 1243 3416 in·

169 3447 248 3495 tendit
258 3462 331 3510 quam
342 3447 447 3493 maxime
459 3448 512 3508 ejus
521 3445 677 3510 prudentiam
688 3457 758 3509 atque
768 3444 933 3505 calliditatem,
943 3456 981 3505 ut,
992 3462 1069 3509 quum
1079 3448 1153 3495 semel
1163 3450 1243 3497 otium

169 3547 196 3578 ac
209 3529 348 3588 silentium,
363 3545 436 3592 opere
451 3545 497 3577 suo
508 3530 655 3595 (incertum,
669 3547 717 3594 qua
728 3530 821 3577 ratione
833 3530 865 3577 ad
876 3529 1034 3578 scribendum
1044 3531 1185 3594 compulsus
1197 3532 1244 3595 sit)

167 3625 296 3678 suscepto,
315 3614 432 3677 fugisset,
450 3615 559 3677 periculo
577 3631 622 3663 suo
640 3614 745 3674 evitato,
761 3612 820 3661 fidei
833 3614 971 3671 historice,
985 3630 1059 3677 quarn
1072 3625 1156 3678 posset
1170 3614 1244 3676 fieri,

168 3701 320 3748 satisfaceret.
335 3698 385 3746 Ubi
400 3699 466 3746 enim
484 3698 514 3745 ad
529 3699 622 3746 Tiberii
635 3699 703 3745 initia
718 3697 844 3761 pervenit,
861 3697 968 3761 primum
984 3699 1089 3746 maxime
1104 3700 1131 3746 in
1145 3698 1177 3746 iis
1191 3700 1243 3747 vir-

168 3784 261 3833 tutibus
275 3783 404 3831 laudandis
422 3796 544 3843 versatur,
558 3801 618 3847 quas
635 3799 724 3842 nemo,
740 3799 821 3846 neque
834 3784 978 3846 equalium,
995 3801 1075 3847 neque
1091 3786 1243 3850 scriptorum

168 3867 267 3915 serioris
279 3867 337 3925 arvi,
352 3869 394 3930 qui
406 3870 546 3932 gravissime
559 3884 615 3915 eum
627 3868 755 3931 castigant,
769 3867 887 3933 denegare
898 3869 921 3916 ei
932 3885 1005 3918 ausus
1018 3880 1065 3929 est,
1079 3887 1101 3917 v.
1114 3887 1135 3919 u
1146 3871 1241 3934 ingenii

168 3952 253 4010 dotes,
267 3953 380 4000 virtutem
396 3954 520 4010 bellicam,
535 3969 573 4000 res
583 3951 697 4016 praeclare
708 3951 849 4014 fortiterque
860 3951 924 4000 bello
938 3963 1032 4016 gestas,
1046 3953 1194 4017 singularem
1206 3954 1243 4001 la-

167 4035 254 4085 borum
270 4037 410 4100 patientiam
426 4049 450 4085 et
465 4036 604 4084 officiorum
618 4051 719 4095 curans,
736 4034 860 4084 durforem
876 4037 930 4086 ritae
943 4036 1113 4100 disciplinam,
1128 4038 1242 4087 mollitiei
