2670 4836
253 322 319 385 DE
341 322 379 386 C.
403 318 629 386 VELLEIO
652 319 973 390 PATERCULO.
1076 333 1151 414 xxxj

67 441 172 489 minime
189 438 351 487 desideretur.
369 439 419 487 Pro
434 438 553 502 exemplis
570 439 603 486 sit
619 438 685 486 iuter
705 437 751 486 ulia
768 437 827 487 belli
845 440 942 489 socialis
960 445 1001 503 ΙΙ,
1027 442 1057 491 ri
1076 462 1112 510 eq.
1131 457 1155 496 et

66 523 215 574 Catilinarie
228 521 407 583 conjurationis
418 520 501 570 brevis
515 532 539 569 et
551 531 606 586 apta
620 522 750 586 expositio.
765 523 813 569 Sed
829 539 882 572 nou
894 525 974 572 solum
989 525 1155 592 intelligentiae

65 607 207 664 lecturum,
223 605 399 652 verumetiam
417 603 547 652 allectuum
565 606 642 654 animi
663 605 844 654 movendorum
860 608 980 655 rationem
999 608 1104 672 babuit,
1123 613 1155 660 iis

68 690 171 754 quidem
191 689 303 753 partibus
323 687 478 753 deligendis,
498 704 553 752 quar
571 704 655 736 rerum
676 699 700 736 et
720 706 882 754 pemouarum
903 692 1100 756 magnitudinem
1120 690 1153 743 ob

67 775 154 822 oculos
167 784 277 838 ponant,
291 773 480 821 admirationem
493 774 614 834 excitent,
627 785 720 822 metum
731 776 843 836 injiciant
855 784 895 824 aut
908 775 1046 840 depellant,
1059 790 1084 827 et
1097 768 1156 828 lani

68 857 127 905 tiam
140 857 172 905 de
185 858 255 904 exitu
268 856 401 914 instillent,
416 856 528 904 dolorem
538 857 771 920 miserationemque
781 869 960 907 commoveant.
975 862 1060 925 ltaque
1073 861 1156 926 legeu-

68 942 130 989 tiuru
147 943 245 989 animos
261 941 351 1004 sepius
368 951 450 999 tenet,
470 941 578 1004 pericula
596 940 752 988 discutienda
770 942 848 989 oculis
865 943 1007 1003 objiciendo
1024 946 1035 1012 (
1040 961 1063 992 v.
1077 963 1099 993 c.
1113 949 1155 1008 11,

68 1025 296 1086 e‚6,18,109‚
316 1021 394 1087 rto),
414 1021 478 1069 vires
495 1021 646 1070 adversariae
664 1024 729 1083 juste
748 1025 869 1089 exigendo
889 1025 928 1090 (v.
942 1042 963 1074 c.
977 1029 1017 1087 11,
1037 1036 1087 1092 49,
1107 1029 1154 1092 51,

70 1109 119 1168 84,
140 1122 204 1169 109,
222 1106 302 1170 rso),
321 1104 498 1169 impedimenta
517 1105 628 1152 consiliis
646 1116 670 1153 et
684 1107 759 1155 rebus
771 1108 872 1172 agendis
889 1108 985 1170 objecta
1003 1113 1154 1176 exponendo

68 1191 108 1256 (s.
120 1207 142 1239 e.
154 1195 195 1252 ΙΙ,
209 1192 256 1250 51,
270 1191 319 1250 55,
333 1189 396 1253 79),
407 1188 584 1247 consiliorum,
600 1191 691 1254 quibus
706 1192 806 1253 disjecta
822 1202 895 1254 sunt,
910 1194 1044 1255 rationem,
1056 1205 1081 1243 et
1093 1213 1154 1260 pru·

69 1275 195 1336 dentiam,
208 1274 346 1341 agendique
357 1275 528 1323 fnmmdmem
538 1275 710 1339 persequendo
721 1277 759 1340 (v.
770 1293 790 1323 c.
801 1276 825 1323 ll.
835 1275 861 1324 ll.
872 1287 895 1324 et
904 1279 945 1336 11,
961 1279 1009 1338 88,
1023 1278 1078 1326 coll.
1092 1295 1154 1343 ιιι,

72 1375 120 1407 112
132 1396 140 1418 ,
154 1357 253 1423 seqq),
270 1367 293 1405 et
307 1357 406 1405 tandem
420 1358 452 1405 ad
467 1359 561 1406 exitum
577 1357 616 1404 vel
630 1357 698 1404 baud
711 1368 851 1422 speratum,
865 1359 903 1406 vel
920 1360 1101 1425 deplorandum
1113 1363 1154 1430 (v.

68 1438 536 1505 n11,ad,66,67),pesduceudo.
1075 1498 1081 1507 Ι

104 1531 136 1576 In
149 1526 226 1574 rebm
238 1535 320 1573 autem
329 1526 366 1572 sic
377 1525 508 1573 tractandis
522 1535 547 1572 et
557 1522 650 1571 caussis
663 1532 687 1570 et
698 1523 824 1572 efflctibns
835 1539 916 1572 rerum
927 1525 1073 1575 brevitatem
1084 1545 1153 1578 suam

68 1610 206 1672 iustruxit,
222 1608 291 1672 quod
305 1623 384 1673 genus
399 1618 487 1656 vocaus
499 1606 682 1672 pragmaticum.
696 1606 797 1670 Quippe
811 1621 906 1654 caussas
920 1608 958 1655 vel
970 1610 1007 1656 rei
1019 1611 1154 1690 universe,

69 1693 232 1757 eiusdemque
246 1707 340 1756 magua
350 1691 432 1740 statim
444 1692 518 1739 initio
530 1690 680 1738 metationis
694 1689 795 1738 uberim
813 1690 913 1751 subjicit
928 1691 971 1757 (r.
986 1709 1007 1739 c.
1022 1696 1062 1753 11,
1079 1710 1108 1753 u,
1123 1697 1155 1761 6,

72 1777 104 1824 15
111 1813 119 1835 ,
133 1785 184 1837 44,
198 1775 263 1838 48),
276 1775 315 1823 vel
327 1775 426 1823 easdem
438 1775 547 1840 partium
560 1784 584 1821 et
594 1789 678 1821 rerum
691 1771 851 1838 singularium
864 1773 1015 1838 expositioni
1029 1774 1155 1824 intermis-

68 1859 119 1907 euit
132 1861 172 1923 (v.
188 1876 210 1907 e.
226 1862 267 1919 11,
282 1875 331 1921 ar,
345 1860 393 1921 48,
407 1857 532 1923 diffie),
547 1875 628 1922 neque
645 1858 725 1906 solum
740 1859 861 1906 rationem
875 1858 964 1907 babuit
980 1875 1082 1922 earum,
1100 1877 1155 1926 que

67 1953 137 1992 certo
150 1944 315 2003 constabant,
330 1944 368 1991 rel
381 1944 440 1992 tales
454 1943 503 1991 sibi
515 1942 682 2001 videbantur,
700 1941 744 1989 sed
761 1941 854 2000 etiam,
872 1956 926 2004 quae
939 1941 991 1989 sive
1008 1943 1092 2007 plures
1106 1945 1155 1993 uir·

68 2026 284 2086 conferebantur,
298 2028 349 2076 sive
363 2044 424 2091 ques
436 2025 599 2087 conjectando
613 2026 709 2088 assequi
720 2023 822 2082 licebat;
836 2041 860 2073 v.
869 2040 890 2073 c.
901 2027 943 2086 11,
957 2041 988 2087 a,
1002 2029 1034 2086 6,
1046 2030 1088 2083 48.
1103 2029 1154 2076 Has

69 2125 129 2157 sero
146 2126 245 2158 causus
259 2111 299 2157 vel
314 2127 328 2158 e
344 2110 419 2159 rebus
432 2107 633 2158 antecedentibus
651 2117 715 2158 recte
730 2109 838 2166 derivat;
857 2109 896 2158 rel
912 2125 945 2157 ex
957 2109 1061 2159 humani
1078 2113 1154 2160 animi

69 2190 156 2240 indole
167 2192 352 2256 bominumque
364 2193 491 2253 moribus,
507 2194 629 2257 perversis
640 2194 726 2252 etiam,
742 2207 849 2256 quorum
863 2192 915 2251 vis,
929 2196 1061 2257 communi,
1071 2210 1154 2243 rerum

70 2276 224 2340 experientia
235 2277 296 2325 aliu
306 2277 482 2341 comprobata,
495 2293 522 2324 re
533 2277 609 2340 ipsas
620 2277 738 2340 scriptore
750 2286 846 2322 narrata
856 2274 1024 2325 confirmatur.
1033 2279 1088 2325 Hoc
1098 2279 1155 2342 ipso

71 2358 98 2405 iu
111 2374 204 2422 genere
219 2359 299 2424 planet
314 2359 410 2408 Velleio
422 2359 569 2424 plerumque
583 2359 732 2407 sententiosa
745 2358 903 2424 proponendi
921 2360 1001 2420 ratio,
1014 2376 1059 2424 per
1071 2359 1155 2410 locum

70 2459 231 2492 communem
244 2461 354 2493 caussam
366 2444 618 2510 comprehendentem
632 2444 663 2491 ad
677 2460 730 2492 rem
740 2442 848 2496 effectam
861 2442 996 2502 transiens;
1009 2460 1033 2492 r.
1046 2461 1068 2491 c.
1081 2447 1094 2492 1
1122 2463 1155 2510 93

71 2528 112 2585 ΙΙ,
127 2528 178 2588 io,
193 2528 240 2584 dr,
255 2530 305 2588 53,
318 2538 363 2576 etc.

105 2615 148 2662 ad
165 2615 250 2663 effecta
261 2625 345 2662 autem
360 2628 444 2663 rerum
460 2625 583 2680 gesturum
601 2613 670 2677 quod
683 2613 785 2674 attinet,
801 2630 829 2660 ea
844 2622 902 2660 suut
916 2613 1026 2676 primum
1040 2630 1079 2661 res
1096 2614 1156 2679 ipsse

73 2714 156 2762 uorae,
168 2701 201 2749 ad
214 2710 304 2749 statum
315 2699 443 2765 publicum
456 2700 621 2764 pertinentes,
631 2716 663 2748 ex
670 2697 865 2764 precedentibus
873 2699 925 2746 sive
935 2711 1026 2747 exortu
1035 2701 1073 2767 (v.
1082 2717 1104 2748 c.
1114 2703 1157 2760 ΙΙ,

73 2799 105 2844 s,
124 2788 155 2834 15
165 2821 172 2846 ,
191 2801 240 2844 aa,
258 2786 323 2843 rol,
339 2782 416 2848 etc),
432 2785 483 2832 sive
501 2783 532 2831 ab
546 2792 645 2831 auctore
661 2799 693 2830 ex
708 2781 797 2829 iisdem
812 2780 926 2829 derivatae
939 2783 979 2848 (v.
990 2799 1011 2831 c.
1021 2786 1062 2845 11,
1079 2780 1155 2850 ruo),

72 2867 165 2933 quippe
178 2884 234 2932 quae
245 2868 410 2916 connectendi
424 2869 506 2933 operis
519 2878 615 2932 partes,
633 2878 657 2916 et
674 2866 848 2930 subsequentia
864 2881 921 2914 curu
937 2868 1064 2931 prioribus
1078 2885 1156 2933 copu-

72 2952 155 3012 landi,
169 2967 285 3018 maguam
298 2951 409 3016 prebent
422 2952 640 3016 opportunitatem.
652 2950 749 2999 Deinde
762 2951 808 2999 alia
822 2950 918 2998 notavit
931 2951 1054 3010 Velleius,
1071 2951 1110 2999 vel
1124 2951 1155 2999 ad

74 3035 231 3100 disciplinam
250 3050 349 3083 morum
366 3033 493 3100 publicam
507 3035 545 3100 (v.
563 3036 692 3094 e.1,13;
710 3035 751 3093 11,
770 3051 797 3094 1,
816 3035 846 3092 3,
863 3032 926 3097 ss),
942 3033 1029 3081 velud
1045 3034 1155 3083 instituta

74 3118 188 3183 publiea,
200 3133 278 3182 eaque
289 3135 356 3166 sacra
368 3119 407 3183 (r.
416 3135 437 3165 c.
446 3121 488 3178 11,
499 3117 549 3176 25,
561 3113 621 3181 27),
630 3115 709 3162 velud
718 3115 872 3179 singulorum
883 3113 1014 3164 bominum
1023 3130 1156 3178 personas,

76 3203 199 3251 fortunam
213 3203 252 3270 (v.
263 3219 285 3250 c.
296 3205 339 3263 ΙΙ,
353 3219 401 3266 19,
415 3217 461 3263 71,
475 3218 521 3262 77,
536 3197 600 3263 86),
611 3209 635 3246 et
645 3214 740 3259 mores,
752 3209 883 3247 exercutu
894 3215 977 3246 rerum
988 3211 1157 3265 susceptarum

76 3296 215 3350 assumptos
227 3286 268 3352 (v.
281 3303 304 3334 c.
317 3287 358 3345 11,
374 3288 407 3334 25
417 3323 424 3346 ,
439 3287 488 3344 28,
503 3285 552 3343 52,
567 3282 616 3348 91)
629 3283 783 3348 pertinentis.

111 3371 213 3418 Etiarud
228 3385 288 3418 vero
301 3371 412 3430 Velleio,
429 3368 575 3417 brevitatem
593 3367 720 3430 sequenti,
737 3367 764 3412 iu
778 3366 928 3431 gravissimis
944 3366 1051 3415 maxime
1068 3367 1157 3430 rebus,

76 3455 154 3519 iisque
168 3455 292 3520 publicis,
308 3455 458 3503 versandum
471 3464 537 3514 erat,
549 3462 632 3500 tamen
645 3451 711 3498 varia
726 3467 808 3498 rerum
821 3451 998 3517 singularium,
1011 3463 1036 3500 et
1050 3454 1158 3517 antiqui-

77 3546 139 3596 tate,
153 3549 178 3585 et
186 3539 313 3599 novitate,
325 3547 350 3585 et
361 3535 532 3602 magnitudine
544 3535 648 3582 lectores
658 3531 832 3592 afficientium,
845 3535 934 3582 notitia
947 3550 1010 3599 opus
1023 3550 1096 3582 suum
1110 3535 1159 3583 dis·

77 3621 158 3670 tinxit.
168 3623 223 3669 lloc
233 3638 364 3687 exgenere
374 3631 447 3680 suut,
461 3635 515 3684 qun
528 3618 672 3677 admiscuit,
686 3618 772 3665 narde
782 3619 900 3683 singulari
913 3621 1024 3668 virorum
1035 3619 1157 3669 clarorum
1225 3639 1227 3651 ⁴

79 3705 104 3752 in
115 3722 141 3754 re
153 3707 261 3770 quadem
274 3706 469 3754 administranda
482 3704 584 3770 gerendi
596 3720 648 3751 sese
660 3703 803 3768 ratione(r.
814 3719 835 3750 e.
847 3705 887 3762 ΙΙ,
900 3706 945 3765 37,
958 3705 1007 3764 45,
1022 3705 1067 3761 55,
1081 3701 1157 3768 ιι4)7

79 3802 124 3837 eut
135 3791 168 3839 de
186 3790 343 3839 laudabiliter
358 3791 493 3855 turpiterve
505 3789 590 3848 ssofis,
603 3789 654 3835 eise
668 3802 768 3845 eorum,
784 3786 827 3850 qui
840 3797 921 3851 partes
937 3803 1021 3835 rerum
1038 3787 1158 3835 secundas

79 3875 316 3940 egerunt(v.e.11,
333 3875 379 3933 16,
394 3873 439 3932 51,
453 3874 502 3933 63,
517 3874 565 3930 85,
581 3872 629 3933 87,
644 3873 710 3932 116,
726 3886 790 3934 119,
807 3868 883 3935 ruo);
896 3872 1060 3930 siveeorum,
1073 3871 1157 3935 quiiu

80 3955 181 4004 onum
193 3958 334 4005 societatem
346 3966 467 4005 venerunt
480 3957 518 4021 (v.
531 3973 552 4003 c.
568 3958 606 4015 ΙΙ,
621 3956 671 4014 26,
683 3970 728 4016 71,
741 3955 790 4015 76,
803 3955 853 4014 88,
870 3952 948 4019 suo);
959 3965 1005 4001 aut
1017 3954 1048 4001 de
1058 3970 1157 4002 eorum·

82 4036 138 4088 dem
149 4039 241 4088 borum
255 4041 368 4099 fortune,
386 4041 448 4087 facto
463 4039 502 4088 vel
515 4055 573 4087 casu
587 4038 696 4102 quodam
710 4038 828 4102 singulari
843 4037 970 4086 nobilitata
984 4037 1024 4100 (v.
1038 4055 1059 4085 c.
1072 4038 1113 4096 ΙΙ,
1130 4052 1158 4096 77
