2670 4836
386 289 825 360 Dav.1tUHNKEN11.
1104 295 1136 360 ix

75 406 237 482 preditum,
258 405 310 481 qui
329 406 367 462 ad
385 408 432 477 11,
447 405 502 477 52,
519 405 660 461 Velleium
674 426 735 462 non
750 409 893 484 optimum
907 406 1053 464 latinitatis
1067 427 1136 464 auc-

74 510 159 557 torem
179 511 275 557 vocat.
293 500 410 556 Barthio
426 499 638 555 occurrendum
657 510 717 571 est,
735 501 784 576 qui
801 502 923 558 Advers.
940 503 1030 572 XVI,
1053 520 1084 571 7,
1107 510 1137 555 et

74 593 106 648 ad
120 595 189 650 Stat.
206 596 236 650 ss
253 594 360 650 Achill.
378 593 449 661 146,
471 592 609 649 orationis
625 593 792 669 elegantiam
806 595 918 651 Velleio
934 595 1016 651 facile
1031 614 1137 653 conce·

73 683 153 756 dens,
171 695 269 741 tamen
281 685 336 741 sibi
349 685 381 738 in
394 703 429 740 eo
444 692 585 739 castrense
601 682 717 739 dicendi
728 704 817 761 genus
831 686 907 742 visus
926 696 968 743 est
982 690 1135 761 reperisse:

72 795 151 849 quam
165 777 276 832 Barthii
287 778 540 851 reprehensionem
549 795 629 832 suam
643 776 710 831 fecit
719 777 855 833 Daumius
868 778 904 834 de
920 779 1022 836 amisa.
1035 783 1136 840 Radic.

72 868 101 922 1.
116 870 147 923 1.
168 888 197 943 p.
215 870 283 938 475.
303 869 375 938 Quis
395 887 456 924 uon
470 878 566 924 atrum
584 869 742 924 verborum
763 880 792 925 et
811 870 990 927 locutionum
1013 885 1138 932 castren-

71 958 139 1014 sium
151 960 297 1030 indicem,
312 981 372 1035 quo
384 961 447 1016 talis
461 960 603 1016 accusatio
618 959 856 1032 confirmaretur,
875 966 1083 1037 exspectasset?
1097 971 1138 1023 At

70 1051 109 1106 illi
123 1052 245 1109 ridicule
258 1053 456 1129 defunguntur
468 1053 582 1109 duobus
594 1053 730 1128 exemplis
743 1055 900 1110 verborum
908 1059 1098 1130 proescn'bere
1108 1070 1138 1116 et

66 1145 238 1216 praedicere,
256 1132 311 1218 pio
328 1164 413 1218 supra
431 1144 545 1214 dicere,
562 1163 687 1218 quorum
700 1145 780 1219 prius
799 1165 813 1199 a
830 1147 903 1201 mala
921 1166 1009 1203 manu
1025 1151 1137 1207 Velleio

70 1236 205 1293 insertum
218 1238 369 1294 docuimus
379 1239 416 1293 ad
424 1241 453 1294 ll
466 1280 473 1306 ‚
487 1257 521 1292 21
531 1281 539 1309 ,
550 1238 692 1312 posterius
699 1238 789 1314 Trogi
798 1238 926 1313 Pompeii
933 1281 942 1308 ,
955 1241 1137 1313 Columellae,

71 1340 97 1384 et
116 1330 239 1385 aliorum
259 1331 430 1387 auctoritate
448 1330 637 1386 defendimus.
657 1332 723 1387 Non
742 1330 837 1386 minus
856 1330 958 1385 falsum
976 1342 1036 1401 est,
1057 1334 1138 1407 quod

72 1423 248 1479 Burmannus
268 1422 360 1492 dicit,
379 1422 480 1478 Velleii
496 1422 653 1478 dictionem
671 1424 793 1477 multum
810 1442 825 1478 e
841 1422 983 1477 munditia
999 1424 1154 1500 Augustei*

71 1514 121 1568 avi
133 1514 295 1570 descivisse.
308 1515 343 1569 Id
354 1534 414 1569 non
429 1515 529 1570 melius
540 1514 631 1570 refelli
642 1534 658 1569 a
669 1513 754 1568 nobis
764 1512 860 1586 potuit
871 1554 879 1581 ,
896 1532 982 1585 quam
993 1514 1138 1572 locutione

72 1625 200 1680 quaque,
214 1606 252 1662 de
265 1626 322 1681 qua
334 1607 397 1662 talis
408 1607 550 1662 dubitatio
560 1606 636 1661 nasci
648 1615 759 1680 posset,
774 1604 952 1678 optimorum
965 1605 1139 1680 scriptorum

71 1700 205 1774 exemplis
221 1698 427 1756 confirmanda.
445 1699 508 1755 Alia
527 1699 617 1774 igitur
634 1698 737 1754 Velleii
754 1698 963 1771 vituperatores
982 1701 1140 1772 reprehen-

71 1789 154 1858 dant,
173 1792 198 1846 si
217 1792 341 1861 volunt,
366 1801 415 1845 aut
431 1800 573 1864 possunt:
594 1800 746 1845 venustum
764 1801 792 1845 et
808 1789 980 1863 exquisitum
1000 1791 1139 1866 loquendi

71 1900 156 1956 genus
175 1901 294 1957 carpere
311 1882 531 1958 supersedeant,
553 1881 608 1937 nisi
623 1883 727 1939 veteris
742 1883 887 1957 elegantiae
908 1882 1049 1939 inscitiam
1066 1905 1139 1959 pro-

71 1972 137 2028 dere
152 1974 252 2030 velint.
271 1975 439 2031 Rectissime
459 1973 597 2043 idoneus,
618 1975 640 2030 si
662 1975 828 2048 quisalius,
848 1974 934 2047 hujus
954 1977 996 2032 rei
1012 1977 1139 2047 arbiter,

72 2070 110 2123 ll.
124 2073 160 2125 A.
174 2072 306 2126 Muretus
323 2071 361 2126 ad
379 2071 469 2126 Cicer.
487 2071 570 2125 Catil.
585 2071 649 2139 111,
668 2090 720 2141 10,
734 2070 791 2140 ait,
812 2071 985 2128 «historiam
999 2094 1015 2129 a
1028 2075 1139 2130 Velleio

73 2172 143 2218 terse
159 2162 292 2236 inprimis
310 2174 396 2237 atque
414 2163 558 2237 eleganter
578 2163 747 2236 explicatam
769 2182 865 2219 esse.»
887 2167 932 2221 Ne
955 2176 1048 2222 tamen
1069 2169 1139 2224 Vel-

72 2255 156 2310 leium
180 2255 349 2329 simpliciter
372 2266 401 2311 et
422 2255 482 2310 siue
509 2255 677 2328 exceptione
700 2254 866 2325 laudemus,
891 2258 970 2312 ultro
995 2259 1137 2329 fatemur,

73 2348 191 2420 perinde
204 2348 305 2418 uobis,
324 2367 356 2403 ac
369 2350 533 2403 Burmauno
545 2389 553 2417 ,
567 2346 686 2419 aliisque
699 2346 813 2416 multis,
829 2347 913 2402 nimis
928 2348 1140 2422 frequentatum

73 2441 162 2497 videri
174 2441 254 2498 istud
264 2452 411 2497 acutarum
424 2441 647 2515 festivarumque
658 2439 864 2496 sententiarum
877 2442 1042 2515 aucupium,
1060 2442 1140 2517 quod

73 2529 101 2586 in
114 2553 231 2607 prosam
243 2533 403 2589 orationem
418 2532 528 2607 primus
544 2533 654 2588 invexit
668 2535 781 2606 Trogus
793 2532 958 2606 Pompeius,
978 2533 1008 2588 in
1024 2533 1139 2609 ligatam

74 2625 202 2681 Ovidius.
224 2627 309 2681 Certe
328 2627 391 2699 plus
411 2625 504 2681 laudis
524 2625 560 2680 ab
582 2625 761 2698 intelligente
780 2625 948 2697 posteritate
969 2626 1096 2696 tulisset,
1117 2628 1141 2683 si

73 2714 122 2771 hac
135 2736 253 2790 quoquc
263 2728 345 2791 parte
358 2717 483 2774 imitatus
496 2729 567 2774 esset
578 2716 745 2772 Sallustium
759 2734 850 2770 suum.
864 2717 948 2771 Hunc
959 2716 1035 2771 enim
1051 2736 1141 2772 unmu

74 2804 125 2861 sihi
136 2807 296 2864 imitatione
311 2806 504 2883 effingendum
518 2807 656 2881 sumpsit,
670 2806 707 2860 ab
719 2807 773 2860 hoc
785 2804 858 2860 illud
872 2805 1023 2861 artificium
1036 2807 1142 2864 indolis

73 2898 199 2957 humanae
215 2901 410 2958 describendae
423 2902 541 2971 didicit,
560 2899 645 2972 hujus
662 2898 842 2953 aemulatione
855 2897 956 2954 efficax
974 2911 1015 2955 est
1032 2910 1060 2955 et
1073 2902 1142 2957 brc-

73 2989 157 3047 sitate
174 3011 335 3062 nervosus,
358 2993 394 3047 ab
415 2994 471 3048 hoc
490 2992 614 3065 denique
631 3002 707 3046 totus
725 2991 762 3044 ita
777 2991 884 3064 pendet
900 3010 965 3046 cum
982 2991 1013 3047 in
1030 2993 1141 3064 verbis,

74 3091 131 3137 tum
145 3085 176 3138 in
191 3083 331 3140 orationis
345 3093 503 3152 stmctura,
523 3093 556 3138 ut
572 3102 745 3159 magnopere
761 3082 923 3137 mirandum
937 3083 989 3150 sit,
1007 3102 1068 3138 reru
1084 3094 1142 3140 tam

72 3173 247 3231 manifestam
261 3175 341 3230 viros
355 3176 483 3231 cruditos
496 3174 636 3230 fefellisse.
656 3176 714 3229 Hac
733 3174 892 3230 imitatione
910 3175 996 3229 semel
1010 3174 1142 3231 animad-

73 3284 170 3337 versa,
187 3286 248 3340 quo
261 3268 360 3323 studio
376 3286 428 3323 nos
441 3268 478 3323 ad
491 3266 651 3335 Velleium,
670 3267 772 3322 codem
786 3266 822 3320 ad
837 3266 1001 3322 Sallustium
1019 3287 1143 3343 cognos-

72 3361 194 3417 cendum
218 3361 360 3417 dedimus.
382 3365 424 3419 Ac
444 3360 598 3434 profecto,
623 3359 646 3414 si
667 3358 743 3413 forte
766 3359 826 3413 aliis
849 3358 958 3414 felicius
980 3360 1008 3414 iu
1031 3362 1142 3418 Velleio

73 3453 246 3529 corrigendo
260 3454 366 3510 versati
381 3453 533 3508 ridemur:
555 3470 728 3526 quamquam
746 3451 829 3505 uobis
848 3469 907 3506 non
925 3463 1034 3506 tantum
1054 3453 1143 3508 sumi-

73 3562 151 3614 mus,
168 3557 202 3602 ut
220 3546 311 3621 Lipsii
327 3545 490 3602 felicitatem
505 3565 559 3601 nos
575 3555 717 3600 assecutos
731 3556 884 3617 putemus:
908 3556 1105 3601 verumtamen
1119 3547 1143 3602 si

74 3638 196 3694 Velleius
210 3658 279 3695 cura
292 3651 391 3695 nostra
405 3638 569 3715 castigatior
582 3639 697 3712 prodit,
713 3638 784 3692 illud
799 3657 857 3694 non
873 3650 928 3693 tarn
942 3640 1144 3717 qualicumque

74 3728 189 3805 ingenio
212 3743 314 3788 nostro
338 3733 523 3788 tribuendum
545 3742 607 3800 est,
629 3750 714 3802 qamm
735 3751 850 3785 summae
874 3732 1058 3789 familiaritati
1078 3755 1143 3790 curu

75 3823 207 3880 Sallustio
221 3836 390 3896 contractae,
404 3837 432 3881 et
444 3837 589 3900 perpetuae
604 3823 754 3897 utriusque
765 3823 913 3898 scriptoris
925 3827 1142 3900 comparationi.

76 3914 126 3970 llic
143 3915 245 3990 aliquis
264 3928 388 3991 quaerat,
409 3917 480 3991 quid
497 3918 554 3985 sit,
571 3935 659 3990 qnare
676 3926 704 3971 ct
718 3916 842 3972 Velleius
859 3927 886 3972 et
903 3917 997 3973 caeteri
1010 3918 1145 3974 historia·

77 4027 139 4066 rum
159 4011 332 4088 scriptores,
354 4012 468 4068 deserto
492 4011 725 4086 eloquentissimo
750 4010 850 4080 Lirin,
874 4030 932 4066 sese
956 4012 1084 4067 certatim
1106 4009 1144 4063 ad
