2670 4836
264 363 329 428 DE
351 364 388 427 C.
412 362 637 429 VELLEIO
660 361 979 427 PATERCULO.
1053 363 1160 443 xxxvij

86 492 150 528 serto
167 479 239 528 livio
253 479 470 543 eloquentissimo,
487 480 528 527 cni
546 479 648 527 forsitsn
664 478 761 526 novitus
774 495 818 526 sua
835 479 946 540 obstitit,
964 479 1069 528 Sallustii
1087 495 1162 528 aemn·

86 564 169 611 lationi
179 562 316 621 studuisse,
327 563 358 610 ab
367 563 430 621 hoc,
441 572 468 609 nt
479 562 625 610 Ruhnkenii
634 561 715 609 verbis
726 572 794 622 utar,
806 561 937 611 artificium
948 562 1040 612 indolis
1048 563 1166 612 humanat

86 643 254 692 describendae
267 645 399 706 didicisse,
412 644 486 704 hujus
499 644 634 693 imitatione
645 644 768 693 efficacem
782 661 834 693 csse
848 656 872 693 et
883 646 1002 694 brevitate
1013 663 1161 707 nervosum,

86 729 178 777 abhoc
197 729 305 794 denique
324 739 403 777 totum
420 726 528 792 pendere
547 729 644 776 cumin
663 729 761 789 verbis,
775 739 827 777 tum
844 731 873 777 iu
891 730 1009 778 orationis
1027 741 1163 793 structura,

86 823 122 860 est
142 813 304 861 manifestum,
324 812 451 860 Sallustius
471 811 538 858 enim
559 812 676 860 omnihus
693 813 852 861 historiarum
872 814 1032 877 scriptoribus
1052 815 1113 865 indo
1130 815 1163 865 ab

86 896 211 957 Acontio,
223 895 328 961 Augusti
340 895 442 960 equali,
456 895 575 959 scriptore
588 895 646 942 belli
659 896 745 959 punici
758 895 903 960 deperdito,
921 909 969 945 tam
983 897 1044 946 mire
1056 899 1163 964 placuit,

86 990 131 1040 nt,
147 980 175 1027 in
192 998 248 1045 qnae
265 982 307 1030 hic
320 981 386 1030 ultro
403 982 538 1041 inciderat,
553 981 662 1031 studiose
679 991 702 1028 et
716 991 806 1028 temere
823 993 974 1046 quererent,
992 995 1016 1031 et
1029 995 1163 1049 amputatas

87 1066 230 1124 sententia,
245 1066 319 1114 verba
332 1076 388 1113 ante
401 1076 568 1130 exspectntnm
579 1064 689 1113 cadentia
703 1076 727 1113 et
741 1064 870 1114 obscurum
880 1066 1023 1115 brevitatem
1036 1086 1082 1134 pro
1097 1071 1164 1118 cultu

87 1147 221 1206 haberem
241 1148 292 1196 vid.
306 1149 390 1197 Seuer.
405 1149 482 1213 Epist.
501 1159 558 1206 rrt.
576 1151 613 1197 Ex
628 1149 668 1196 his
682 1147 787 1196 Sallustii
800 1149 895 1197 aemulis
913 1150 1015 1198 lorsitan
1032 1162 1056 1198 et
1068 1153 1163 1218 Trogus

86 1231 218 1295 Pompeius
228 1232 290 1291 mit,
304 1248 377 1295 quem
388 1233 562 1280 sententiarum
575 1242 599 1279 et
608 1231 733 1279 brevitatis
743 1231 852 1280 studium
864 1232 895 1280 ad
906 1232 1011 1281 nimium
1022 1236 1163 1284 acuminum

86 1314 286 1377 mgutisrumque
303 1315 435 1379 aucupium
454 1315 574 1376 abduxit,
594 1316 637 1378 qui
654 1315 720 1362 istud
736 1331 827 1380 genus,
848 1316 1001 1366 Ruhnlcnio
1015 1319 1116 1379 judice,
1136 1329 1164 1368 nt

87 1397 191 1443 Ovidius
204 1397 231 1443 in
246 1397 359 1462 ligatam,
372 1399 405 1447 ita
417 1399 443 1447 in
454 1415 553 1463 prosam
563 1400 699 1447 orationem
712 1400 823 1464 invexit,
836 1408 860 1447 et
872 1401 967 1450 Velleio
981 1402 1009 1449 in
1020 1417 1050 1450 eo
1064 1419 1164 1467 quoquc

87 1481 138 1529 dux
151 1483 197 1530 fnit
211 1493 283 1546 atque
297 1484 444 1547 exemplum.

121 1565 276 1615 Addeudum
295 1584 393 1631 quoqne
414 1578 449 1615 cst
467 1567 561 1632 aliquid
579 1567 610 1615 de
630 1566 791 1631 chronologis
805 1566 913 1626 Velleii,
933 1569 1034 1632 ejusque
1053 1580 1163 1634 tempora

89 1666 170 1697 rernm
188 1651 293 1697 notandi
311 1651 401 1699 studio.
421 1652 521 1699 Etiamsi
540 1651 607 1698 enirn
625 1651 739 1699 oratoriis
759 1651 872 1698 semibus
890 1662 913 1698 et
931 1651 1015 1699 diserti
1034 1654 1085 1701 oris
1100 1671 1163 1702 sono

86 1734 245 1782 concinnavit
260 1734 388 1782 historiam
404 1752 472 1783 snam
485 1736 627 1800 praecisam,
640 1745 722 1781 tumen
735 1735 902 1797 cujuscunque
915 1736 984 1794 sacti,
1001 1735 1039 1783 vel
1053 1737 1122 1798 ejus,
1135 1738 1164 1785 in

87 1832 137 1880 qno
148 1827 232 1865 rernm
249 1835 344 1865 summa
355 1817 510 1875 vertebatur,
525 1816 564 1864 vel
578 1816 645 1880 qnod
657 1816 778 1882 praecipns
793 1817 911 1864 memoria
925 1817 1028 1881 dignum
1042 1818 1163 1881 habebut,
1214 1859 1222 1872 Ι

86 1918 182 1962 ιιιιιοι,
196 1902 330 1950 erudiendi
343 1903 445 1951 lectores
458 1919 556 1962 caussa,
573 1902 668 1962 adjecit.
684 1903 741 1963 Quo
755 1900 782 1948 iu
795 1900 895 1965 negotio
909 1903 1043 1963 Vsrronis,
1056 1905 1163 1968 antiqni-

87 1985 142 2032 tatis
154 1986 326 2032 Romanorum
337 1985 485 2043 doctissimi,
496 2000 568 2032 arram
579 1995 688 2031 secutum
699 2000 762 2043 esse,
772 1994 838 2048 patet
847 2000 878 2031 cx
888 1986 915 2045 1,
927 1984 941 2030 8
951 1981 970 2030 ¹.
981 1984 1043 2046 Sed,
1056 1997 1083 2033 nt
1095 1987 1164 2036 decet

86 2069 206 2115 disertum
215 2079 393 2128 enarraturum,
406 2070 433 2117 in
443 2080 553 2134 tempore
563 2067 683 2133 signando
693 2068 783 2127 variat,
794 2069 832 2116 vel
841 2069 954 2116 consules
964 2071 1039 2132 anui,
1053 2072 1079 2118 in
1089 2087 1163 2134 quem

86 2167 126 2198 res
137 2150 306 2198 memorabilis
315 2152 427 2216 qrsaedam
438 2153 538 2212 incidit,
552 2151 701 2207 nominans,
715 2149 753 2197 vel
765 2166 857 2198 sunum
868 2150 939 2198 talem
952 2163 1017 2200 retro
1030 2169 1164 2202 numerans
1234 2202 1239 2214 ,

88 2234 146 2283 inde
166 2251 180 2282 s
200 2234 316 2292 Vinicio,
338 2235 369 2282 ad
387 2252 460 2299 quem
480 2235 616 2292 scribebat,
639 2233 756 2293 consule,
776 2232 824 2280 boc
845 2243 898 2291 cst,
917 2233 976 2281 inde
996 2235 1110 2283 absum
1131 2237 1162 2285 U.

87 2334 109 2365 c.
124 2318 342 2378 Dcctxxxm,
359 2319 397 2366 vel
411 2318 505 2367 addens
518 2334 698 2382 nonnunquam
714 2317 788 2364 etiam
803 2319 831 2364 in
844 2316 917 2365 rebus
932 2319 1033 2366 maximi
1044 2320 1164 2368 momenti

87 2413 112 2450 ct
127 2405 251 2468 pracipua
268 2405 386 2452 memoria
401 2405 482 2469 dignis
496 2415 589 2452 aetatem
605 2403 687 2451 Urbis.
704 2404 837 2461 Praetereu,
854 2402 882 2449 in
896 2403 1000 2450 transitu
1016 2418 1115 2468 quoque
1132 2402 1164 2452 ad

88 2503 152 2535 nova
165 2503 250 2534 rerum
260 2488 355 2552 capita,
370 2504 455 2536 eorum
467 2497 578 2551 tempus,
593 2487 632 2534 vel
645 2486 752 2533 breviter
766 2484 875 2550 repetitis
887 2484 975 2545 rebus,
988 2487 1016 2534 iu
1030 2487 1097 2535 idem
1108 2503 1165 2552 spn-

90 2573 150 2618 tium
165 2571 352 2631 incidentibus,
366 2572 405 2619 vel
419 2575 553 2619 numeratis
566 2571 637 2619 annis
650 2572 701 2618 sive
716 2581 788 2630 ante,
801 2569 852 2617 sive
866 2580 923 2635 post
935 2587 987 2619 rem
1003 2568 1079 2620 niodo
1093 2589 1165 2621 enar·

89 2667 165 2704 ratam
180 2655 345 2721 pmterlapsis
355 2693 362 2717 ,
374 2667 459 2704 notare
473 2656 541 2704 solet.
553 2656 596 2702 Uti
611 2671 671 2702 vero
687 2652 761 2701 nobis
776 2654 918 2701 memoriter
934 2655 1092 2702 narrantibus
1104 2655 1167 2704 solet

89 2740 211 2801 accidere,
226 2751 253 2788 ut
264 2757 337 2788 verus
351 2757 430 2789 annus
443 2741 478 2788 rei
489 2751 560 2806 gestae
573 2755 625 2788 non
639 2747 778 2796 succurrat,
793 2736 836 2784 sed
846 2736 920 2784 nobis
933 2736 1124 2800 fluctuantibus,
1137 2739 1166 2787 in

88 2838 136 2879 co,
150 2824 193 2886 qui
207 2840 222 2871 a
235 2839 296 2870 vcro
306 2838 358 2870 non
370 2823 474 2871 multum
488 2823 597 2882 aberret,
611 2820 815 2885 acquiescendum
827 2820 874 2879 sit,
891 2819 952 2867 sdeo
966 2822 1085 2869 memoria
1098 2821 1166 2869 decl·

88 2905 202 2968 pismnr;
222 2906 255 2953 ita
269 2906 365 2954 Velleio
381 2922 496 2970 quoqne,
515 2908 588 2953 fustus
601 2915 626 2950 et
639 2920 721 2952 rernm
739 2903 838 2950 annales
856 2903 968 2952 evolvere
984 2919 1037 2952 nou
1054 2905 1166 2966 vacanti,

87 2988 207 3036 memoria
222 2988 353 3048 frustrato,
367 3003 449 3035 rernm
466 2987 640 3035 nonnullarum
654 2996 751 3050 tempus
762 2983 866 3033 definire
881 2987 1014 3035 accuratius
1027 3003 1079 3035 non
1088 2987 1165 3036 licuit.

88 3075 147 3135 Quo
163 3073 254 3119 factum
271 3080 323 3131 est,
336 3081 365 3119 nt
378 3088 499 3120 annorum
513 3071 623 3118 numeris
639 3069 744 3128 notstis,
763 3069 831 3131 qnasi
844 3083 932 3117 cerens
949 3071 1011 3131 sibi,
1026 3072 1167 3134 frequenter

88 3155 163 3203 addet
172 3154 232 3202 illud
236 3152 337 3218 j‘emse,
348 3155 440 3218 ubique
451 3154 500 3202 fere
511 3154 628 3212 obvium,
639 3163 668 3200 ut
678 3145 856 3218 nonnunquam
867 3156 990 3215 numeris,
1005 3171 1068 3218 quos
1079 3166 1168 3205 vocant

88 3237 227 3295 rotundos,
240 3237 389 3299 scquiescat,
407 3247 482 3301 utque
493 3253 506 3284 a
516 3253 589 3296 vero,
600 3237 643 3300 qui
656 3236 754 3284 aliunde
770 3246 882 3297 constat,
895 3252 975 3296 nuno,
989 3237 1033 3285 nbi
1047 3239 1095 3287 hoc
1108 3238 1166 3298 fiet,

88 3338 142 3369 non
155 3322 260 3368 multum
273 3320 376 3369 aberret.
386 3321 434 3368 Sed
447 3338 558 3386 magnum
571 3331 665 3386 partem
677 3337 837 3369 numeromm
847 3355 855 3379 ,
867 3321 910 3383 qui
922 3321 1065 3384 scriptorem
1075 3323 1166 3371 er'roris

88 3414 196 3469 arguunt
213 3405 265 3452 sire
279 3405 306 3451 in
320 3421 457 3468 annorum,
476 3407 528 3453 sive
546 3405 648 3453 aliarum
662 3420 745 3451 rernm
763 3413 895 3468 computo,
913 3403 1086 3466 librar-iomm,
1104 3421 1166 3469 quos

90 3489 158 3537 nulls
177 3489 223 3536 elia
244 3505 271 3536 re
291 3488 367 3555 magis
387 3489 510 3538 aberrasse
527 3497 638 3551 constat,
658 3489 718 3537 vitio
736 3499 876 3553 corruptam
894 3504 963 3549 esse,
983 3488 1046 3537 sacili
1067 3491 1166 3557 negotio

89 3572 217 3637 probatur.

125 3777 137 3801 ⁴
144 3779 273 3833 Dubitare,
283 3779 357 3825 immo
370 3778 440 3826 sliter
449 3779 536 3826 sentire
545 3779 606 3826 licet
615 3779 674 3825 Nam
683 3777 746 3840 apud
754 3777 870 3824 Velleium
879 3778 934 3824 loco
944 3777 1030 3832 citato,
1040 3779 1064 3833 l,
1074 3776 1102 3832 8,
1111 3774 1127 3840 S
1137 3781 1166 3834 4,

89 3852 164 3900 lectio
176 3869 224 3900 uon
237 3852 293 3900 sutis
305 3863 377 3901 certa.
388 3856 463 3900 butes
474 3852 582 3916 quidem,
596 3856 619 3907 l,
632 3869 657 3912 7,
672 3853 725 3917 54,
738 3854 879 3900 dissenserat
891 3855 998 3899 Nosters
1009 3852 1111 3907 Catone,
1124 3851 1166 3899 sed

90 3928 123 3974 de
131 3928 228 3989 Capsu,
240 3944 289 3974 uon
299 3927 329 3973 dc
338 3930 418 3974 llomae
427 3928 572 3990 origiussms;
582 3929 638 3975 slius
648 3931 760 3976 Catonern
770 3927 889 3989 sequitur,
901 3928 936 3979 ll,
947 3935 991 3988 49,
1002 3922 1017 3989 s
1027 3939 1055 3981 a,
1065 3924 1096 3972 65
1118 3922 1166 3987 Sa.

90 4005 168 4050 Nobis
179 4014 258 4052 temen
269 4004 371 4052 duorum
382 4006 483 4053 uiuum
496 4008 604 4053 locorum
614 4006 740 4054 auctoritas
751 4021 801 4053 non
813 4005 873 4052 tanti
883 4004 932 4050 risu
944 4013 991 4059 est,
1006 4012 1033 4051 ut
1044 4017 1096 4049 cum
1110 4001 1166 4047 doc·

92 4078 188 4126 tissimis
199 4080 256 4128 viris
269 4090 387 4128 certamen
398 4081 518 4129 iniremus.
534 4083 581 4128 En.
