2670 4836
75 350 668 378 mmmmmmmffvm
672 349 1130 370 §tmffssmlmmfflttw

289 535 915 677 DISSERTATIO

462 823 748 898 EDITORIS

120 1040 208 1139 DE
241 1038 295 1138 C.
321 1035 628 1139 VELLEIO
660 1035 1088 1137 PATERCULO.

497 1294 711 1305 -————

496 1311 711 1320 ——.——-—.

69 1571 154 1657 dno
168 1608 217 1654 iere
234 1608 349 1666 MDXV,
367 1609 453 1656 Bratna
469 1609 604 1656 Rhenanus
619 1607 812 1665 selestadiensis,
829 1607 868 1652 vir
885 1616 956 1670 gratae
973 1605 1038 1670 apud
1052 1605 1138 1655 doctos

70 1691 206 1747 memorie,
220 1691 247 1737 in
259 1692 400 1737 monasterii
413 1692 579 1738 murbacensis
590 1691 737 1739 bibliotheca
749 1689 859 1737 codicem
873 1705 904 1736 ex
918 1689 987 1736 omni
1001 1697 1068 1752 parte
1082 1705 1138 1736 ero·

69 1789 134 1830 snm,
154 1773 198 1819 sed
218 1773 290 1820 initio
303 1774 437 1836 praesertim
450 1774 513 1822 loede
527 1774 663 1821 mutilatum
678 1774 782 1838 reperit;
798 1776 868 1834 cnjus
884 1772 997 1819 miseram
1014 1771 1137 1819 conditio·

70 1872 123 1903 nem
139 1856 170 1903 ab
187 1858 242 1920 ipso
261 1858 383 1905 Rhenano
401 1858 546 1922 descriptam
565 1859 679 1923 exposuit
699 1860 726 1905 in
744 1858 884 1922 praelatione
902 1873 944 1904 sua
964 1854 1136 1903 Ruhnkenius.

70 1942 100 1985 At
120 1942 241 1988 bauains
261 1940 338 1987 multo
361 1940 443 1988 labore
463 1957 551 2004 genera
568 1942 715 1990 mendorum
732 1942 832 2000 omnia,
854 1941 943 2004 quibus
960 1939 1017 1986 libri
1030 1939 1138 2002 reliquiae

69 2022 202 2082 scatebant,
215 2023 381 2070 enumeranda
395 2024 496 2071 curavit.
510 2025 590 2072 Nobis
601 2037 636 2073 sat
647 2027 693 2072 erit
704 2026 785 2073 dicere
797 2025 858 2072 nihil
870 2025 975 2071 abfuisse
986 2022 1137 2082 detrimenti,

69 2122 115 2167 quo
129 2106 224 2155 incuria
236 2106 309 2152 simul
324 2117 348 2152 et
365 2107 460 2153 inscitia
477 2108 650 2168 librariorum,
665 2109 829 2173 temporisque
843 2118 867 2154 et
882 2107 1012 2154 hominnm
1030 2106 1137 2166 injurie,

70 2187 155 2236 librom
176 2187 272 2237 afficere
292 2189 369 2253 possit
388 2192 588 2257 manuscriptum.
608 2194 660 2240 Nec
678 2193 719 2239 illo
738 2193 906 2255 qualicumque
920 2199 1080 2236 monumento
1094 2187 1137 2234 din

70 2272 113 2318 lrui
127 2272 211 2319 licuit:
227 2288 285 2319 nam
302 2281 358 2335 post
372 2273 501 2333 emissam,
520 2290 585 2322 anno
601 2275 703 2321 MDXX
714 2309 721 2331 ‚
734 2274 874 2338 primariam
888 2272 1037 2328 editionem,
1055 2270 1138 2316 nescio

70 2354 193 2416 quomodo
206 2371 238 2401 ex
251 2354 329 2402 oculis
343 2355 472 2403 hominum
486 2357 537 2421 ipae
552 2357 631 2404 codex
644 2358 757 2414 evanuit,
777 2366 803 2404 ut
817 2355 910 2421 nemini
924 2352 1053 2416 contigerit
1066 2351 1138 2414 quid·

70 2453 138 2500 quarn
154 2449 241 2503 postea
260 2439 291 2485 de
308 2439 350 2487 illo
366 2440 448 2488 videre
464 2451 505 2488 ant
520 2442 613 2513 audire.
631 2442 695 2500 sed,
714 2452 837 2506 tamquam
856 2437 1047 2505 praecaventibus
1067 2436 1139 2496 latis,

70 2524 91 2570 J.
102 2524 217 2571 libertus
232 2525 347 2571 Burerius
359 2536 449 2572 curret
464 2524 513 2571 lide
526 2543 567 2573 sua
582 2526 736 2590 providerat,
749 2544 780 2574 ne
794 2525 890 2588 gravius
904 2522 1082 2570 desideraretur
1096 2522 1139 2567 ista

68 2607 156 2665 jactura
174 2607 235 2653 viris
253 2607 407 2670 antiquarum
421 2608 545 2655 literarum
560 2609 683 2655 studiosis,
700 2613 724 2656 la
739 2609 804 2657 enim
825 2608 883 2654 dum
903 2606 968 2670 typis
987 2607 1010 2653 J.
1024 2602 1139 2650 Frobenil

71 2689 208 2738 basileensis
221 2690 378 2737 mandaretur
392 2691 468 2738 editIo
481 2692 610 2750 Rhenani,
626 2708 682 2738 cum
694 2703 790 2739 vetusto
802 2692 866 2738 illam
881 2689 977 2744 codIce‚
991 2704 1037 2734 nec
1050 2680 1138 2740 niodo,

70 2785 95 2821 nt
107 2776 156 2840 ipse
169 2776 218 2834 ait,
232 2792 331 2822 veterem
342 2777 447 2839 verstri,
463 2777 507 2823 sed
516 2778 591 2824 etiam
601 2777 721 2837 syllohom
732 2776 851 2836 syllahre,
865 2786 904 2836 et,
918 2771 986 2836 quod
996 2770 1074 2818 alicui
1081 2770 1139 2832 plus

71 2875 141 2921 qaam
151 2859 274 2907 curiosum
284 2860 417 2918 videatur,
432 2861 505 2907 etiam
517 2861 612 2909 literam
625 2861 701 2907 literte
716 2861 834 2920 contulit,
849 2875 880 2905 ne
892 2856 955 2922 quid
963 2872 1014 2902 non
1028 2862 1142 2918 ageretur

71 2943 93 2989 ia
105 2962 152 2991 rem
165 2945 331 3003 eruditorum
341 2961 371 2992 eo
386 2946 473 2993 sactum
487 2956 524 2993 est
537 2957 564 2992 nt
574 2946 689 3010 princeps
703 2944 798 3002 editio,
812 2960 867 2989 curn
882 2942 915 2988 ob
929 2939 1031 2986 editoris
1042 2936 1141 2985 notissi-

71 3044 131 3074 mam
145 3027 236 3087 fidem,
251 3039 302 3075 tum
318 3028 350 3074 ob
366 3027 561 3091 diligentissimae
576 3040 599 3076 et
612 3028 745 3092 aliqnando
759 3026 932 3074 minutissimas
949 3024 1043 3071 liurerii
1062 3037 1138 3069 anno·

72 3111 184 3169 tationes,
200 3111 268 3158 lacile
281 3111 373 3157 codicis
384 3111 464 3159 amissi
480 3111 596 3159 damnum
608 3113 722 3176 supplere
733 3120 823 3175 posset.
836 3107 905 3156 Tales
920 3107 1026 3170 deniqne
1041 3105 1067 3152 in
1082 3104 1141 3152 doc·

72 3203 147 3241 torum
158 3211 246 3242 manns
258 3194 410 3242 devenerunt
423 3195 448 3243 C.
463 3195 549 3242 Velleii
559 3195 686 3242 Paterculi
698 3194 809 3242 llatorirr
821 3195 940 3241 llomaurr
949 3189 1005 3239 libri
1012 3189 1071 3239 duo.

103 3279 149 3325 Sed
160 3280 273 3343 quianam
287 3280 332 3326 iste
343 3279 465 3339 Velleius,
481 3279 572 3342 dequo
584 3279 650 3327 nulla
662 3280 710 3326 fere
722 3278 787 3342 apud
798 3278 911 3340 antiquos
925 3275 1036 3323 mentio?
1049 3275 1142 3322 Aucto·

72 3378 136 3421 rem,
156 3375 184 3412 ut
198 3365 280 3428 ipsum
298 3380 361 3427 opus
378 3364 544 3423 demonstrat,
564 3365 675 3428 Augusto
690 3379 717 3410 ac
734 3363 834 3409 Tiberio
848 3376 972 3417 coaevum,
991 3369 1014 3407 et
1032 3358 1142 3422 quamvis

72 3445 163 3508 longer
178 3447 350 3511 principibus.
364 3457 444 3494 tamen
458 3463 510 3495 non
525 3449 590 3494 inter
604 3448 703 3494 ultimos
717 3449 770 3507 ejus
784 3446 828 3492 aevi
843 3444 972 3508 scriptores
984 3442 1142 3506 ponendum,

73 3544 143 3576 mo
156 3540 266 3577 veterum
279 3531 421 3576 criticorum
433 3529 521 3576 laudat.
536 3530 599 3577 Nam
614 3530 680 3593 apud
691 3532 721 3575 A.
736 3529 840 3575 Gellium
855 3526 897 3574 lib.
912 3527 1014 3582 xvim,
1028 3541 1080 3587 cap.
1095 3540 1143 3581 12,

74 3610 113 3658 abi
130 3612 161 3658 de
178 3613 222 3660 Cn
243 3613 371 3672 cujusdam
387 3613 491 3671 velleii,
510 3628 553 3659 sen
569 3612 656 3672 vellii,
675 3611 803 3660 annalibus
822 3610 916 3673 agitur,
938 3608 1033 3672 Lipsius
1051 3606 1143 3670 optime

75 3696 174 3742 restitnit
188 3697 233 3744 Cn,
248 3696 322 3743 Gellii
337 3712 443 3753 nornen,
458 3697 500 3760 qui
514 3696 577 3743 circa
590 3696 680 3759 punica
695 3694 757 3742 bella
771 3694 900 3751 floruerat,
917 3708 963 3739 nec
977 3689 1050 3738 semel
1064 3706 1077 3736 a
1089 3691 1144 3736 Me-

76 3777 155 3825 crobio
166 3789 189 3825 et
201 3780 256 3843 ipso
269 3782 300 3826 A.
311 3779 392 3826 Gellio
404 3780 517 3827 laudatus
530 3782 663 3827 invenitur.
678 3781 772 3826 Primus
786 3779 901 3840 solusque
915 3778 1026 3824 omnium
1042 3773 1143 3820 Priscia-

78 3874 119 3907 nus
135 3863 296 3926 fragmentum
312 3879 344 3910 ex
358 3865 394 3911 Μ.
413 3863 505 3910 Velleio
519 3865 649 3912 Paterculo
665 3863 735 3919 citat,
749 3862 816 3925 quod
831 3861 857 3907 in
871 3860 961 3908 nostris
975 3858 1075 3922 quidem
1091 3871 1143 3903 non

79 3945 206 4006 reperitur,
216 3946 317 3995 fortasee
328 3963 387 3995 vero
396 3948 481 3995 lacuna
492 3948 592 3995 haustus
602 3949 688 4004 fucrit;
699 3964 744 3994 ncc
753 3961 899 4010 magnopere
910 3943 1050 4008 scrupulum
1062 3948 1144 3987 movet

80 4030 231 4092 praenominis
241 4030 369 4079 diversitas
382 4032 449 4079 ineo
464 4032 596 4096 scriptore,
609 4032 651 4095 qui
663 4032 743 4096 potnit
755 4031 878 4078 Prisciano
892 4029 939 4093 ipsi
950 4045 1001 4077 non
1010 4023 1143 4074 admodum
