2670 4836
257 316 324 380 DE
346 316 383 379 C.
406 314 635 379 VELLEIO
658 317 981 381 PATERCULO.
1104 321 1157 383 xlv

78 434 176 492 ohriis,
189 448 244 496 qnae
257 433 296 480 rei
308 432 487 491 librariorum,
503 432 555 480 sire
569 432 753 491 murbacensis,
770 434 821 480 sire
835 435 1019 496 antiquiorum,
1034 435 1159 500 negligen-

79 522 134 580 tiae,
148 520 186 566 rel
200 520 346 568 eorumdem
360 520 491 568 homiuum
510 519 595 566 studio
612 520 710 567 lacunas
726 523 865 568 vetustioris
878 521 985 584 exempli
1001 521 1030 566 in
1046 537 1109 581 suo,
1127 539 1160 570 ne

78 605 178 652 mutilus
196 604 325 663 rideatur,
342 603 481 653 occultandi
499 603 630 651 debentur.
647 604 854 652 blendosissimus
872 603 980 666 deniqne
998 614 1068 664 erat,
1086 615 1122 652 tot
1135 617 1160 652 et

79 700 143 736 tanta
153 689 349 753 corruptelarum
361 688 491 753 prodigia,
505 697 566 751 quot
577 698 601 734 et
611 699 701 750 quauta
714 704 824 751 unquam
836 689 863 735 iu
875 704 927 734 uno
937 687 1022 735 codice
1033 689 1160 751 scriptoris

80 773 168 818 vetusti
181 770 419 836 deprehenduntur,
432 770 643 818 abundantissime
656 770 770 818 reserens.
784 771 847 817 Nam
859 770 996 834 descriptus
1008 771 1055 817 fuir
1068 770 1100 816 ab
1112 771 1158 818 ho-

80 857 146 903 mine
158 855 347 914 indoctissimo,
361 857 405 918 qui
417 872 448 902 ne
457 855 561 902 verbum
573 853 673 918 quidem
684 855 820 915 intellexit,
832 856 1102 920 negligentissimoque,
1116 857 1160 919 qui

79 939 171 987 laboris
181 950 317 1004 pertaesus,
333 940 455 987 festinanti
466 955 541 986 mauu
553 955 656 986 munere
670 955 716 985 suo
728 939 858 986 defunctus
868 950 912 986 est.
922 940 1038 986 Attamen
1051 957 1083 986 ex
1095 940 1160 987 anti·

80 1024 160 1085 quiori
175 1040 276 1087 quoque
287 1024 416 1088 exemplo,
430 1023 498 1071 uude
509 1022 677 1070 murbacensis
688 1021 752 1068 liber
761 1023 898 1085 exscriptus
909 1033 960 1080 est,
972 1023 1034 1084 quin
1044 1024 1116 1069 etiarn
1128 1039 1161 1070 ex

81 1106 153 1170 longe
168 1106 370 1168 antiquioribus,
384 1106 461 1154 multa
474 1107 534 1154 ritis
546 1106 578 1154 ad
591 1106 785 1153 recentissimum
800 1121 876 1167 usque
890 1114 1100 1170 sunt'propagata.

113 1189 162 1237 Sed
172 1191 209 1237 uti
220 1189 274 1238 hnc
284 1190 374 1238 damna
386 1191 492 1238 aliorum
504 1191 593 1238 Velleii
603 1190 717 1239 codicum
727 1189 820 1237 anxilio
830 1191 942 1237 resarciri
951 1207 1078 1253 nunquam
1088 1208 1161 1255 posse

80 1275 186 1337 graviter
200 1274 354 1335 dolendum,
372 1276 405 1322 ita
421 1291 521 1338 quoque
538 1276 616 1339 ipsius
629 1274 723 1321 codicis
741 1272 907 1320 murbacensis
918 1275 1012 1332 jactura
1026 1273 1112 1320 acerbe
1125 1275 1161 1321 le·

80 1357 157 1404 reuda
171 1367 215 1405 est
233 1360 259 1404 ls
275 1359 341 1405 enim
358 1359 515 1421 iniquissimo
531 1358 595 1416 lato,
612 1367 742 1422 postquam
758 1356 873 1402 llbenani
889 1373 947 1403 eura
964 1356 1081 1403 Frobenii
1095 1359 1161 1421 typis

81 1440 221 1504 exscriptus
235 1451 303 1499 erat,
317 1457 419 1505 prorsus
430 1441 549 1504 disperiit.
564 1441 645 1488 Nemo
657 1440 723 1487 enim
738 1440 919 1502 insequentium
933 1439 1055 1488 editorum
1069 1440 1161 1488 librum

81 1539 155 1571 manu
176 1532 304 1571 exaratum
325 1524 463 1581 consuluit,
484 1535 511 1572 ut
530 1535 587 1588 post
605 1524 755 1588 exscriptum
775 1523 912 1583 vellelum,
931 1525 1000 1586 quod
1019 1525 1085 1571 haud
1104 1541 1160 1571 raro

81 1603 157 1652 fiebat
168 1608 196 1654 in
212 1605 283 1654 libris
297 1618 413 1672 typorum
430 1606 497 1654 notis
513 1609 651 1671 expressis,
664 1607 732 1654 reiut
744 1607 839 1653 inutilis
851 1607 961 1666 abjectus
975 1623 1027 1656 esse
1040 1608 1160 1656 videatur.

82 1689 144 1735 Yt‘arn
162 1701 249 1753 postea
261 1692 289 1737 in
303 1691 451 1738 bibliotheca
466 1690 621 1738 murbacensi
636 1701 748 1754 repertus
763 1707 816 1738 non
831 1701 868 1737 est
881 1706 895 1736 a
911 1693 1117 1752 Montinuconio,
1133 1694 1161 1740 in

81 1771 199 1821 biblioth.
211 1785 272 1822 ton.
285 1777 326 1832 ΙΙ,
339 1790 393 1838 pag.
407 1776 473 1835 ¹¹7⁵
484 1811 491 1834 ,
504 1775 601 1823 codices
611 1775 686 1833 hujus
696 1774 803 1822 coenobii
814 1783 963 1821 recensente.
975 1775 1061 1837 Neque
1073 1775 1161 1822 nahu-

81 1854 175 1917 lenio,
192 1858 220 1905 in
234 1858 342 1906 editione
356 1859 445 1906 Velleii
461 1858 569 1922 paranda
583 1859 651 1906 huuc
664 1859 755 1907 librum
769 1870 890 1906 vetustum
904 1876 948 1922 per
960 1861 1051 1906 amicos
1064 1861 1161 1908 Alsatos

82 1942 224 2006 indaganti,
237 1944 316 1992 nilum
329 1947 382 2005 ejus
396 1945 524 2008 vestigium
539 1944 648 1992 oblatum
662 1954 705 1991 est

116 2027 191 2073 llunc
205 2027 316 2076 codicem
330 2027 516 2075 murbacensem
528 2028 682 2087 Rhemum,
695 2038 724 2075 ut
734 2030 816 2092 operis
830 2029 948 2087 traderet,
963 2029 994 2076 ab
1005 2029 1084 2077 amico
1098 2046 1160 2092 quo-

83 2109 156 2168 dam,
170 2111 215 2158 sed
228 2123 392 2175 properanter
407 2122 432 2159 et
446 2112 604 2176 indiligenter
617 2111 682 2176 (rid.
696 2111 777 2159 Rhen.
791 2111 916 2174 Dedicat.)
929 2129 1031 2160 munere
1045 2130 1091 2161 suo
1105 2114 1161 2161 luu-

83 2203 171 2254 gente,
185 2191 294 2239 describi
309 2195 419 2254 curarit,
435 2204 459 2240 et
472 2194 582 2256 quinque
596 2210 642 2257 per
655 2210 750 2253 annos,
765 2194 825 2241 dum
838 2212 893 2258 spes
906 2195 1014 2241 melioris
1028 2197 1085 2243 libri
1099 2213 1161 2244 nau·

82 2275 207 2334 rissendi,
224 2292 270 2340 per
291 2278 411 2325 Merulam
432 2288 513 2335 mota,
531 2276 677 2340 effulgebat,
694 2277 813 2324 ineditum
827 2278 894 2340 apud
908 2294 934 2324 se
951 2279 1058 2323 retinuit.
1077 2281 1161 2339 Quum

83 2375 141 2408 vero
159 2361 260 2420 ederet,
278 2377 360 2425 opera·
378 2362 485 2426 pretium
498 2360 566 2408 baud
582 2360 653 2408 duxit
666 2361 737 2424 (nam
755 2361 837 2407 critica
852 2371 904 2406 turn
920 2377 959 2407 ars
976 2360 1057 2407 adhuc
1070 2372 1120 2408 erat
1134 2363 1162 2409 in

80 2443 253 2509 incunabulis)
267 2462 310 2505 ea,
325 2463 379 2509 qnae
394 2445 472 2493 critici
487 2447 563 2493 hodie
577 2445 608 2492 de
620 2444 686 2491 libro
703 2458 778 2489 manu
795 2453 894 2490 exarato
910 2443 972 2489 scire
991 2444 1104 2501 interest,
1121 2461 1161 2491 re-

82 2528 161 2585 terre,
171 2529 220 2576 nisi
230 2528 385 2591 paucissima.
395 2529 483 2591 Neque
492 2530 624 2587 Burerius,
637 2527 668 2574 de
679 2542 729 2589 quo
740 2542 801 2573 mox
810 2526 936 2583 dicemus,
950 2525 1067 2573 editionis
1076 2527 1164 2591 prime

81 2609 113 2656 ad
129 2609 225 2658 codicis
242 2626 359 2658 normam
375 2610 518 2673 castigator,
535 2611 593 2658 libri
611 2611 700 2658 vetusti
715 2610 856 2674 diligentem
871 2609 1061 2673 descriptionem
1076 2610 1161 2670 dedit;

81 2704 164 2740 tamen
178 2694 205 2740 iu
219 2695 289 2750 ‚notis
303 2693 334 2741 ad
349 2694 444 2756 singula
462 2693 589 2757 scriptoris
606 2694 660 2742 loca
675 2696 766 2758 passim
781 2693 873 2741 codicis
889 2693 1020 2752 habitum,
1038 2694 1163 2744 literarum

81 2776 171 2824 dumus
182 2814 189 2836 ,
202 2788 294 2841 puncta
307 2788 331 2823 et
345 2778 511 2824 correctiones
525 2779 626 2825 notavit,

116 2863 180 2923 Qua
193 2861 271 2925 igitur
282 2861 314 2908 de
328 2861 421 2909 codicis
435 2860 522 2907 Velleii
537 2861 621 2908 indole
634 2877 665 2907 ex
680 2862 826 2909 testimoniis
839 2862 955 2909 Rhenaui
966 2863 1124 2927 Bnreriique,
1138 2875 1163 2912 et

81 2946 224 3004 conjecturs
234 2945 263 2992 in
273 2944 394 2992 auxilium
405 2954 489 2992 vocate
500 2953 627 3002 constant,
642 2954 699 2990 sunt
711 2945 760 2993 iere
768 2944 827 2992 hac.
838 2946 921 2992 Fuisse
934 2961 989 2992 eum
1002 2946 1162 2994 membrana·

80 3047 149 3076 ceum
163 3039 265 3078 testatur
277 3029 429 3086 Rhenanns;
444 3030 487 3075 sed
499 3038 639 3087 vetustate,
650 3029 755 3075 manime
766 3029 794 3074 in
803 3027 869 3088 line,
883 3031 917 3076 ita
926 3046 1054 3090 atrorum,
1067 3042 1094 3077 ut
1106 3031 1162 3091 rix,

81 3113 141 3174 quid
158 3115 280 3177 scriptum
295 3113 384 3172 suerit,
402 3121 544 3176 appareret,
562 3111 636 3158 refert
648 3111 764 3158 Buterius
780 3111 809 3158 in
825 3112 891 3159 notis
908 3112 939 3158 ad
953 3113 1031 3174 capita
1046 3122 1163 3160 extrema.

80 3197 177 3244 Deinde
192 3196 270 3243 literis
288 3194 430 3243 minusculis
446 3194 576 3258 scriptum,
590 3203 666 3257 ctqrse
681 3209 714 3240 ex
732 3192 778 3240 tali
794 3194 968 3258 transcriptum
980 3192 1079 3257 fuisse,
1096 3206 1163 3259 pstet

80 3296 135 3325 eum
147 3295 179 3326 ex
191 3280 308 3326 vitiorum
319 3295 332 3324 a
343 3277 446 3324 librario
457 3279 644 3326 commissorum
654 3276 800 3340 generibus,
814 3293 868 3339 qnte
880 3293 931 3323 non
942 3278 989 3324 nisi
1001 3293 1032 3323 ex
1043 3278 1162 3342 scriptura

81 3361 219 3409 minuscula
232 3361 353 3426 originem
367 3361 462 3408 trahere
474 3372 623 3425 potueruut,
640 3359 730 3406 scilieet
746 3374 777 3406 ex
790 3358 867 3404 literis
879 3367 904 3404 et
916 3359 1018 3406 vocibus
1031 3358 1065 3406 ob
1076 3360 1162 3408 simili·

82 3447 194 3494 tudinem
204 3446 342 3496 minnscula
352 3447 429 3494 forma
441 3447 585 3511 scriptarum
594 3445 749 3510 permutatis3
765 3460 796 3491 ex
806 3444 882 3490 literis
893 3455 917 3490 et
928 3444 1030 3492 vocibus
1040 3446 1163 3495 similibus

81 3548 94 3579 a
108 3530 198 3578 vicinis
212 3531 263 3578 sire
282 3531 393 3590 extritis,
410 3531 462 3578 sire
480 3531 586 3586 additis;
600 3538 624 3575 et
641 3545 673 3576 ex
686 3526 827 3583 erroribus,
842 3543 855 3573 e
868 3527 1023 3592 compendiis
1036 3530 1164 3578 scribendi

81 3614 109 3660 iu
122 3614 259 3662 minuscule
272 3614 393 3677 scriptura
408 3613 552 3662 solennibus
565 3613 657 3670 enatis3
672 3623 723 3658 tum
735 3627 767 3658 ex
778 3612 875 3657 Burerii
889 3611 1047 3670 testimonio,
1060 3613 1165 3677 scriptu·

81 3714 135 3745 ram
145 3698 220 3745 litere
231 3715 247 3745 a
258 3714 304 3762 per
317 3714 360 3756 cc,
374 3699 400 3745 in
412 3697 477 3745 libro
490 3697 646 3745 murbacensi
660 3696 773 3753 obviarn,
785 3694 816 3741 ad
827 3697 866 3751 11,
882 3711 915 3757 29
928 3706 1005 3753 extr,
1020 3697 1161 3743 referentis:

81 3797 230 3845 quamquam
238 3781 359 3830 nonnulla
372 3797 471 3845 quoqne
484 3782 534 3828 sint
544 3781 619 3840 vitia,
632 3797 686 3843 ane
700 3797 731 3826 cx
742 3779 931 3839 majuscnlsmm
942 3782 1123 3843 permutatione
1134 3781 1163 3828 iu

83 3864 271 3913 transcribendo
288 3881 302 3911 e
318 3865 446 3912 vetustiori
461 3864 526 3912 libro
544 3864 633 3911 talibus
649 3865 726 3912 literis
739 3875 839 3911 exarato
854 3865 931 3922 facts,
949 3874 1031 3911 ortum
1047 3864 1163 3912 habuisse

83 3949 219 3998 rideantur.
231 3951 296 3998 Tum
307 3965 360 3999 non
369 3949 487 3998 contiuua
498 3949 577 4007 serie,
589 3950 632 3996 sed
641 3949 745 3996 vocibus
755 3949 885 4014 disjunctis
898 3950 1004 4013 scriptus
1015 3958 1080 4004 erat3
1094 3948 1162 4010 quod

82 4045 209 4100 apparete
221 4035 327 4085 lectione
340 4035 433 4085 codicis
444 4052 457 4083 a
470 4035 572 4084 Buterio
586 4044 683 4095 uotsts,
696 4033 922 4098 vocsbuiorumque
933 4033 1038 4097 syllabas
1049 4044 1162 4096 perverse
