2670 4836
129 290 216 371 xlviij
333 337 337 344 .
395 289 620 354 NOTITIA
642 291 931 375 LITERARIA

251 404 416 472 Spartianus,
430 415 490 466 utu,
504 408 675 455 annotationes
691 409 723 455 D.
737 409 830 455 Erssnd
845 409 964 458 Roterod.
980 420 1005 458 et
1020 411 1090 476 urps
1106 413 1206 478 ligustil

251 491 279 537 in
297 491 358 537 vitas
376 489 506 538 Casurum.
519 492 682 538 Aooesserunt
699 489 726 538 in
742 491 789 539 hse
805 492 914 542 editione
929 495 1040 545 Vanum
1057 486 1215 547 Psrsnuunr'

156 578 158 585 '
252 589 319 620 ursus
331 575 372 632 11,
384 572 415 619 ab
427 574 564 621 innumeris
577 574 660 623 denuo
672 575 789 622 vindicati
801 576 934 625 erroribus.

163 681 215 742 Qui
232 679 316 726 titulus
334 679 396 727 msle
412 680 536 744 inspectus
551 691 575 727 et
593 680 728 728 intellectus
741 692 779 730 est
794 682 825 730 ab
843 683 888 745 iis,
908 685 952 748 qui
968 685 1033 735 bauo
1050 688 1206 751 editionem,

129 764 274 819 Emmaus,
290 778 328 808 su.
348 762 430 821 1⁵36,
448 764 499 822 jam
518 762 676 824 defunctum,
691 765 779 813 velleii
791 767 960 831 castigatorem
973 767 1108 835 fingentes,
1124 776 1207 822 Bras-

129 845 217 891 miram
234 853 359 891 vocarunt.
372 844 490 907 Quisquis
502 860 561 892 vero
575 845 649 893 luerit
661 846 703 894 hio
716 848 859 897 emendator
873 850 1033 912 Basileensis,
1051 855 1073 902 is
1087 873 1146 905 sane
1160 874 1207 905 εχ.

128 927 249 992 perientia
263 925 384 974 librorum
397 927 620 990 manuscriptorum
637 938 661 976 et
673 929 790 978 vitiorum
805 931 912 980 librariis
928 934 1080 995 solennium,
1096 941 1207 1004 antiqni-

128 1013 184 1059 tatis
197 1012 353 1077 ooguitioue,
368 1011 483 1060 dictionis
497 1013 650 1077 elegantioris
667 1014 772 1077 peritis,
785 1026 810 1063 et
825 1016 919 1081 ingenii
930 1019 1042 1067 soumiue
1054 1020 1208 1086 instructus,

128 1097 193 1144 iuter
205 1096 313 1159 reliquos
324 1095 429 1143 editores
441 1097 490 1144 iere
504 1098 638 1161 plurimam
653 1097 684 1145 sd
695 1097 818 1146 vellelum
830 1100 1014 1150 emendandum
1024 1104 1145 1164 eontulit;
1159 1108 1206 1155 sed

129 1180 224 1243 ingenii
243 1180 282 1225 sni
299 1178 418 1242 impetum
433 1180 522 1244 magis,
543 1197 616 1242 quum
631 1180 744 1243 priorum
759 1180 868 1241 judicia,
884 1195 998 1246 secutus,
1016 1185 1044 1233 in
1061 1187 1206 1237 effrenatam

128 1263 254 1310 sudreiam
266 1262 405 1326 corrigendi
422 1263 524 1321 incidit,
539 1274 581 1323 ut,
601 1262 668 1326 qnod
685 1263 717 1309 ab
732 1264 848 1312 omuibus
862 1264 966 1331 intelligi
975 1262 1077 1353 mut,
1087 1261 1205 1322 dandum
1224 1297 1226 1304 ,

129 1355 209 1406 retus,
223 1345 400 1393 vehementiori
414 1345 536 1393 medicina
547 1356 571 1393 et
585 1345 680 1394 saeviori
692 1362 766 1394 mauu
780 1348 807 1395 in
821 1348 943 1398 ulceribus
956 1338 1072 1401 sanindis
1085 1366 1205 1406 uteretur.

129 1432 165 1476 its
178 1429 283 1487 suetum,
296 1438 324 1474 ut
334 1443 413 1492 prope
426 1445 520 1476 novum
532 1439 556 1476 et
567 1446 580 1476 a
591 1429 755 1478 Rbensuiauo
769 1431 892 1480 diversum
903 1433 1024 1482 Velleium
1038 1439 1204 1500 prou-aderet.

128 1512 176 1560 Sed
187 1528 277 1576 quum,
289 1512 403 1560 siminus
416 1528 516 1560 manum
528 1513 631 1574 velleii,
645 1524 709 1561 certe
722 1524 818 1576 tumen,
831 1515 899 1580 quod
907 1516 1009 1582 innttigi
1020 1533 1120 1583 posset,
1134 1523 1205 1571 exbi-

127 1597 212 1658 beret,
229 1597 305 1644 editio
323 1597 375 1644 haee
392 1598 533 1646 basileensis
550 1597 640 1661 cupide
657 1610 767 1664 arrepts3
790 1600 951 1650 Rheusuiuus
967 1614 1063 1664 sutem,
1082 1616 1119 1654 tot
1136 1607 1204 1655 ulee-

128 1681 196 1730 ribus
208 1693 320 1741 scatens,
337 1683 444 1747 neglectu
458 1693 501 1731 est.
516 1685 600 1744 ltaque
615 1682 775 1732 basileensem
790 1684 854 1733 hune
867 1687 1035 1736 reoeusiouem
1052 1692 1206 1754 repetierunt

128 1777 255 1830 sequentes
266 1767 372 1814 editores
384 1766 416 1813 sd
428 1766 521 1814 Aldmn
533 1767 672 1814 Manutiurn
685 1782 769 1831 usqne.

131 1902 205 1951 1552.
223 1899 353 1964 Lugduni,
367 1901 434 1963 apud
449 1900 503 1947 Seb.
519 1901 672 1964 Gryphium.
686 1903 769 1951 iu·rn.

215 1987 355 2042 Venustus,
370 2000 419 2031 uus
429 2000 485 2031 curn
497 1985 570 2032 Floro
580 2002 592 2033 a
601 1987 641 2034 Jo.
653 1986 763 2034 Camerte
772 1985 907 2047 recensito,
920 1987 994 2035 Sexto
1005 1987 1087 2050 llul'o,
1098 1991 1203 2039 Messala

250 2068 361 2115 Corvino
373 2077 397 2114 et
408 2068 536 2132 Eutropio.

131 2204 205 2253 1560.
224 2203 343 2264 Parisiis,
358 2204 424 2269 apud
439 2204 542 2254 Hieron.
558 2203 691 2269 ,llarneuf,
706 2206 780 2252 iu·rn
794 2221 840 2267 seu
853 2205 935 2253 iss-16.

215 2288 242 2336 C.
270 2289 376 2335 Visun
405 2290 547 2336 Psrrsrusr
572 2291 703 2337 Hrsrosrn
728 2303 841 2336 noum
865 2304 933 2336 ursus
957 2290 1003 2347 ΙΙ,
1032 2305 1088 2337 oum
1113 2290 1203 2338 eodem

250 2373 341 2432 Floro,
366 2383 411 2421 ete.

131 2499 206 2547 1568.
223 2496 337 2557 Parisiis,
352 2507 365 2553 4
378 2497 436 2544 voll.
447 2498 528 2556 iss-8⁰,
537 2512 644 2558 quorum
656 2497 682 2542 iu
692 2497 773 2559 primo
782 2495 890 2543 Velleius
900 2495 1058 2558 subsequitur
1066 2496 1204 2560 sigonium.

215 2585 340 2629 Veturius
351 2617 358 2640 ,
371 2582 436 2628 inter
449 2582 563 2628 Historia*
576 2596 683 2628 romanae
696 2581 842 2643 scriptores,
853 2579 886 2627 sb
897 2579 1001 2627 Henrico
1014 2578 1137 2649 Stephano
1149 2580 1204 2628 edi·

252 2676 306 2726 tos,
319 2663 428 2729 praefixis
440 2665 494 2712 Cur.
505 2665 598 2728 Sigouii
610 2665 688 2711 Fastis
698 2663 875 2711 consularibus.

163 2787 221 2832 Post
230 2784 277 2832 bos
288 2784 318 2831 de
326 2784 435 2843 Velleio,
446 2800 499 2831 uon
511 2784 612 2847 quidem
624 2783 738 2842 edendo,
750 2783 794 2831 sed
802 2782 972 2841 emendando,
984 2783 1063 2831 meriti
1074 2793 1132 2830 sunt
1143 2783 1204 2833 Car.

127 2869 254 2934 Sigonius,
269 2869 416 2929 conjecturis
427 2870 477 2915 suis
489 2869 515 2914 iu
525 2868 602 2915 Pastis
612 2867 706 2915 consul.
719 2878 743 2914 et
753 2868 780 2914 in
789 2868 856 2914 notis
864 2867 896 2915 ad
909 2867 1006 2914 Livium
1017 2868 1166 2931 propositis,
1180 2878 1206 2915 et

128 2953 218 3002 Claud.
236 2956 362 3000 Puteanus
382 2952 430 3016 (du
449 2951 517 3016 Puy)
535 2951 659 3011 Parisios,
679 2951 722 3014 qui
742 2950 968 2998 animadversiones
985 2967 1041 2997 suas
1061 2965 1118 2997 enm
1137 2950 1206 2998 Aldo

127 3039 258 3098 Manutio,
278 3047 367 3100 nepote
380 3034 455 3094 Aldi,
476 3035 610 3082 editionem
624 3034 712 3081 Velleii
725 3045 857 3099 parituro,
872 3034 1072 3081 oommuuiosvit.
1085 3035 1110 3080 Is
1123 3032 1205 3082 Aldus

125 3122 253 3185 utriusque
270 3119 471 3177 emendationes,
489 3118 630 3166 auctoribus
648 3133 701 3165 nou
716 3118 863 3174 nominatis,
881 3118 990 3164 Puteano
1009 3115 1111 3178 quidem
1128 3117 1206 3164 reris·

126 3207 204 3265 sime,
225 3204 272 3268 pio
292 3205 342 3252 suis
360 3203 503 3251 vendiuvis
523 3201 599 3264 Quod
619 3218 696 3265 quum
714 3201 816 3265 indigue
836 3203 910 3248 serres
930 3202 1068 3261 Puteanus,
1089 3216 1134 3248 sun
1154 3201 1206 3249 sibi

126 3291 311 3350 vindicaturus,
328 3291 481 3350 conjecturas
496 3305 552 3335 suas
569 3287 680 3334 collectas
696 3285 769 3333 edere
785 3286 886 3349 paravit.
902 3284 950 3332 Sed
964 3294 1041 3332 morte
1054 3301 1131 3348 quum
1143 3301 1207 3349 prse-

127 3386 210 3440 reptus
226 3385 306 3431 esset,
323 3374 432 3437 primum
449 3373 542 3420 emissae
557 3372 585 3417 in
602 3371 682 3418 lucem
699 3379 756 3418 sunt
772 3370 799 3417 in
814 3369 923 3417 editione
938 3369 1042 3428 Velleii,
1058 3369 1144 3417 Tacito
1160 3368 1205 3417 sd·

124 3461 224 3522 juncta,
238 3457 351 3512 Parisiis,
368 3458 443 3504 1608.

131 3594 204 3655 1571.
224 3589 348 3648 Venetiis,
362 3590 387 3637 in
401 3590 494 3637 cedibus
509 3588 684 3655 Marinianis,
698 3589 779 3637 iss-80.

212 3676 240 3723 C.
251 3677 356 3721 Vsussrr
369 3674 510 3720 Psrrscnnr
522 3675 652 3720 ilrsroura
663 3687 776 3719 sonna
787 3687 821 3717 an
831 3672 1004 3719 M.V1urcruss
1015 3670 1072 3717 Cos.
1084 3683 1153 3716 ursus
1164 3671 1205 3730 11,

249 3758 280 3806 ab
291 3757 358 3806 Atdo
370 3756 499 3820 Manutio,
510 3756 594 3805 Paulli
604 3758 632 3805 F.
645 3756 705 3803 Aldi
712 3756 747 3802 N.
760 3755 899 3815 emendati,
910 3766 935 3802 et
944 3754 1044 3801 scholiis
1053 3753 1175 3801 illustrati.

160 3861 184 3907 ls
197 3859 293 3923 primns
306 3858 442 3905 editionem
455 3855 615 3903 basileensem
628 3854 751 3911 deseruit,
765 3864 788 3900 et
802 3854 926 3914 antiquam
940 3852 1070 3899 lectionem
1085 3849 1205 3897 editionis

124 3961 162 4009 pr.
176 3943 303 3991 restituere
319 3941 437 3998 tentavit3
456 3941 484 3987 iu
502 3956 552 4002 quo
567 3950 649 3986 tamen
662 3936 730 3984 nulla
743 3946 807 3983 certa
825 3935 877 4000 lege
895 3945 920 3982 et
937 3933 1068 3998 prudentia
1085 3949 1145 3980 usus
1159 3940 1205 3978 est.

124 4029 217 4076 Textus
230 4028 297 4075 enim
310 4025 397 4073 Velleii
415 4032 504 4072 temere
519 4024 640 4072 conflatus
658 4033 694 4071 est
709 4038 740 4068 ex
754 4021 857 4068 lectione
875 4031 899 4067 et
913 4020 1023 4080 codicis,
1042 4029 1066 4066 et
1083 4015 1204 4066 editionis
