2670 4836
179 321 273 400 xxxvj
446 320 673 388 NOTITIA
695 326 986 394 LlTERAlllA

178 440 310 487 verborum
322 434 543 498 comprehensione
556 441 719 500 constrinxit,
733 459 789 490 cum
800 446 1010 507 consequentibus
1026 445 1181 497 brevioribus
1196 452 1256 511 jun·

177 525 237 589 ctis,
252 521 291 569 vel
306 518 428 568 contrario
444 519 537 579 modo,
551 539 573 570 v.
589 539 609 570 c.
628 525 669 583 11,
686 525 714 569 18
730 541 767 589 pr.
781 535 805 572 et
816 525 881 574 med.
894 529 1020 593 Ingratum
1032 546 1130 594 quoqne
1144 544 1197 592 cst,
1212 534 1256 580 de·

175 606 330 672 prehendere
345 606 482 652 orationem
498 616 569 668 atque
586 606 719 670 periodos,
736 624 824 672 easque
842 609 982 674 longiores,
998 615 1186 677 parenthesibus
1199 618 1255 665 lon·

175 688 287 756 gioribus
298 689 409 737 discissos
423 690 461 754 (r.
473 689 488 736 l.
499 689 516 735 l.
527 700 551 736 et
564 692 602 749 tl,
618 692 663 750 13,
675 693 723 752 28,
739 692 800 756 58),
814 709 864 756 quo
876 693 919 755 fit,
932 706 960 742 nt
969 696 1054 745 lectori
1067 716 1080 746 a
1091 716 1173 748 rerum
1187 717 1256 749 nexu

175 783 201 823 et
213 790 309 823 summa
324 773 456 832 distracto,
473 774 555 820 iterata
570 774 692 835 lectione,
706 776 737 822 ad
755 775 852 823 initium
867 777 898 824 sit
912 782 1096 830 recurrendum.
1110 783 1158 831 Sed
1172 795 1199 831 nt
1214 785 1255 832 illa

174 858 344 907 membrorum
355 856 452 922 periodi
465 857 526 904 ratio
538 856 622 922 dispar
631 859 816 907 excusationem
824 859 898 908 habet
908 863 934 910 in
946 864 1100 914 festinatione
1111 868 1254 926 scribentis;

174 942 206 990 ita
219 941 359 990 dilaceratio
371 941 423 988 haec
434 941 608 988 sententiarum
620 958 666 1004 per
677 942 835 1004 parentheses
846 945 1011 995 condonanda
1024 950 1105 1013 rigori
1115 955 1255 1011 memoriae,

173 1042 212 1075 rcs
226 1026 265 1073 vel
284 1025 417 1089 temporis,
438 1025 476 1071 vel
494 1041 600 1084 caussae,
621 1026 658 1072 vel
676 1027 755 1074 effecti
770 1029 863 1077 ratione
877 1047 1001 1079 connexas
1014 1034 1159 1095 advocanti,
1173 1055 1254 1102 neque

173 1112 255 1158 minus
264 1109 347 1158 studio
356 1110 384 1156 in
393 1125 487 1155 summa
496 1109 648 1172 parcimonia
657 1119 680 1156 et
690 1109 808 1158 brevitate
817 1113 935 1162 notabilia
944 1115 1050 1179 plurima
1059 1121 1254 1184 complectendi,

172 1195 302 1258 m'hssque,
325 1192 394 1256 qnod
416 1192 536 1239 lectorum
557 1193 703 1252 interesset,
724 1193 846 1258 rebusque
868 1197 1033 1263 intelligendis
1054 1202 1252 1269 illustrandisque

171 1278 318 1342 prodesset,
335 1275 507 1341 praetereundi.
529 1276 652 1323 Numeros
670 1292 768 1339 qnoque
788 1280 932 1343 auriumque
949 1298 1048 1331 sensnm
1065 1286 1169 1333 offendit
1186 1304 1252 1336 non·

171 1376 299 1424 nunquam
312 1360 351 1406 vel
362 1357 503 1405 earumdem
519 1357 659 1416 literarum,
674 1369 698 1405 et
711 1359 874 1424 syllabarum,
885 1362 924 1410 vel
935 1364 1047 1412 similiter
1057 1369 1198 1416 sonantium
1213 1387 1251 1418 re·

170 1460 273 1505 cursus,
291 1444 334 1507 qui
349 1442 442 1489 Herelii
456 1442 571 1506 inprimis
586 1442 720 1507 elegantem
735 1460 834 1492 sensum
849 1444 983 1494 insuaviter
997 1449 1077 1495 affecit
1090 1450 1117 1497 iu
1134 1450 1195 1499 locis
1210 1457 1251 1514 11,

172 1545 214 1577 ao.
227 1531 332 1591 Itaque,
349 1543 404 1572 cum
418 1525 467 1585 ita,
482 1535 540 1586 etc,
554 1536 578 1572 et
591 1526 623 1573 35
631 1561 638 1585 ,
654 1526 719 1573 incer
732 1527 828 1576 ultimos
842 1529 1017 1595 interrogatus.
1030 1532 1077 1579 Sed
1089 1534 1115 1580 in
1127 1535 1252 1594 ejusmodi

168 1613 230 1662 locis
249 1629 301 1660 non
320 1627 417 1682 semper
436 1611 532 1657 aurium
554 1621 692 1658 nostrarum
709 1611 831 1672 iudicium
850 1613 929 1660 valere
947 1614 1058 1674 videtur,
1077 1633 1170 1681 quum
1189 1621 1250 1682 quid

169 1708 279 1745 veterum
294 1692 474 1759 pronuntiandi
486 1692 668 1742 declamandive
682 1695 744 1742 ratio
757 1696 783 1741 in
795 1695 834 1742 his
846 1712 905 1743 voce
917 1696 971 1743 vira
985 1701 1133 1757 wrrexerit,
1148 1701 1251 1750 minime

168 1789 257 1845 pateat.
271 1776 368 1826 Deinde
388 1775 460 1823 etiarn
478 1774 606 1840 scriptori,
623 1776 739 1824 velociter
753 1786 777 1822 et
792 1793 847 1823 cum
866 1778 977 1840 graviore
997 1780 1102 1842 quodam
1119 1798 1191 1830 sensu
1211 1801 1251 1833 res

168 1864 293 1920 volventi,
308 1878 354 1909 nec
368 1861 426 1906 satis
441 1861 535 1907 vacanti
548 1860 629 1907 verbis
645 1871 669 1906 ct
679 1861 802 1918 numeris,
818 1860 910 1923 aliquid
924 1860 1104 1927 indulgendum
1116 1882 1167 1913 esse
1179 1868 1250 1915 vide·

169 1958 211 1994 tur
227 1956 251 1993 et
269 1945 297 1992 in
313 1944 370 2002 his,
389 1955 412 1990 et
432 1943 457 1989 in
477 1942 564 1989 iisdem
583 1943 709 1991 vocabulis
726 1953 782 2006 post
799 1942 873 1990 breve
892 1945 1046 1994 intervallum
1066 1948 1164 1996 iteratis.
1184 1950 1249 1998 Nam

166 2030 264 2078 Velleio
278 2029 305 2076 id
319 2044 417 2091 quoque
432 2043 508 2091 genus
524 2027 678 2093 negligentiae
692 2026 802 2090 obrepsit
818 2026 856 2090 (v.
869 2043 889 2074 c.
904 2030 975 2088 1,a‚
991 2034 1075 2089 4311,
1091 2041 1122 2091 4,
1136 2047 1183 2092 aa,
1198 2049 1250 2096 79,

172 2130 237 2178 109,
252 2111 326 2176 eto),
341 2111 434 2159 etiarnsi
447 2111 535 2175 supina
545 2110 661 2158 facillimo
671 2110 771 2174 negotio
782 2110 875 2157 variare
887 2121 982 2174 poterat
991 2111 1139 2173 dictionem,
1153 2132 1250 2179 neque,

167 2209 196 2247 ut
209 2199 339 2262 nequiret,
353 2195 452 2244 dicendi
466 2206 515 2242 tam
530 2195 603 2260 inops
617 2204 676 2243 erat.
690 2194 754 2242 Nam
768 2194 794 2241 in
809 2195 883 2243 rebus
893 2195 1024 2244 simillimis
1038 2197 1189 2247 declarandis
1203 2218 1250 2249 sae-

167 2281 224 2346 pins
238 2279 360 2328 variandae
371 2279 475 2326 dictioni
490 2296 592 2344 operam
604 2278 690 2337 dedit,
706 2293 729 2323 v.
741 2294 762 2324 c.
774 2281 801 2337 1,
817 2294 833 2339 9
845 2289 924 2336 extr.;
938 2281 978 2337 11,
994 2281 1023 2326 13
1040 2290 1118 2342 exta,
1131 2283 1179 2342 50,
1195 2285 1249 2344 68,

168 2366 219 2425 88,
235 2363 285 2427 89,
305 2363 353 2410 105
362 2398 369 2423 ,
387 2378 450 2420 aro,
464 2372 524 2420 etc.,
538 2359 652 2425 inprimis
668 2359 695 2406 in
708 2376 805 2408 morum
822 2371 846 2409 et
860 2361 954 2426 ingenii
970 2360 1184 2426 descriptionibus.
1199 2368 1249 2414 Sed

165 2458 255 2512 praeter
274 2445 455 2494 excusationem
474 2445 652 2502 festinationis,
673 2461 746 2508 supra
767 2445 872 2503 dictam,
894 2444 922 2492 lit
941 2461 1134 2511 nonnunquam,
1153 2461 1180 2496 ut
1196 2453 1249 2511 jaan

166 2530 240 2594 paulo
262 2541 317 2577 ante
336 2539 453 2593 usurpato
471 2529 566 2576 nullum
587 2528 675 2575 melius
696 2530 824 2593 aptiusque
842 2539 960 2577 occurrat.
983 2532 1168 2595 Nonnunquam
1186 2550 1249 2584 vero

167 2616 325 2663 iterationum
339 2613 450 2675 eiusdem
462 2612 576 2662 vocabuli
590 2613 660 2677 culpa
673 2615 836 2678 grammaticis
849 2625 874 2662 et
887 2614 1011 2677 librariis,
1025 2626 1052 2664 ut
1062 2618 1088 2664 in
1100 2618 1154 2665 aliis
1167 2620 1249 2684 scrip-

164 2697 263 2747 toribus
276 2697 384 2745 breviter
398 2697 553 2757 dicentibus,
569 2696 603 2743 ita
615 2697 642 2743 in
654 2696 749 2744 Velleio
762 2696 844 2744 danda
859 2697 953 2745 catilli
966 2699 1033 2747 enim
1047 2699 1086 2747 vel
1098 2701 1248 2752 vocabulum

166 2783 244 2832 modo
255 2783 405 2846 descriptum
415 2819 422 2842 ,
435 2781 502 2846 quod
515 2781 599 2829 animo
610 2781 803 2837 obversabatur,
815 2781 957 2844 repetebant
966 2800 974 2841 3
983 2783 1026 2843 ¹vel
1037 2783 1248 2847 interpretationis

166 2885 250 2917 caussa
263 2864 572 2931 marginiadscribebant‚
585 2865 636 2912 sive
651 2864 800 2912 vocobulum
814 2880 827 2911 e
842 2875 957 2913 contextu
969 2867 1052 2916 animo
1067 2869 1247 2932 repetendum,

164 2953 216 3002 sive
230 2953 349 3016 integram
360 2951 525 3010 sententiam,
539 2947 686 2996 vocabulum
698 2948 806 2995 ricinum
818 2949 963 3011 continens,
980 2962 1008 2999 nt
1024 2955 1066 3011 ll,
1082 2969 1094 3012 7
1110 2963 1172 2999 extr.
1183 2957 1248 3016 Quae

165 3036 273 3099 denique
284 3035 426 3082 iterationes
440 3033 550 3093 ejusdem
562 3031 631 3079 vocis
642 3031 753 3095 gravitati
765 3033 911 3092 consulunt,
925 3051 959 3082 ear
972 3053 1017 3100 per
1029 3053 1054 3083 se
1064 3035 1157 3084 habent
1169 3054 1247 3087 excu-

165 3119 302 3177 sationem,
317 3116 379 3165 adeo
392 3115 507 3175 laudern,
522 3126 549 3161 nt
563 3116 591 3175 1,
611 3129 639 3160 ra
654 3124 731 3170 extr.;
749 3116 790 3172 11,
805 3115 837 3161 35
850 3133 904 3180 pn,
919 3119 952 3179 98
967 3129 1029 3165 extr.

199 3202 327 3260 Fuerunt,
344 3201 388 3263 qui
404 3199 548 3246 latinitatem
564 3197 652 3245 Velleii
667 3198 893 3261 reprehenderent,
909 3211 1032 3264 tamquam
1045 3201 1206 3265 inelegantem
1222 3218 1246 3254 et

164 3303 177 3333 a
192 3285 313 3333 munditie
324 3286 370 3332 reri
384 3262 503 3347 Augustei
513 3283 680 3339 recedentem
695 3282 737 3329 sed
750 3282 858 3331 dictione
868 3286 921 3344 ejus
935 3300 992 3332 curn
1004 3287 1154 3350 optimorum
1169 3291 1247 3354 scrip-

164 3379 245 3416 torum
260 3367 379 3432 exemplis
395 3375 550 3430 comparata,
565 3365 633 3412 facile
646 3367 788 3414 refutantur.
802 3367 853 3414 atii
867 3377 969 3428 contra,
983 3368 1051 3432 iique
1065 3372 1190 3436 elegantiae
1204 3392 1247 3422 ar·

163 3451 222 3501 bitri
241 3450 444 3515 locupletissimi,
464 3460 492 3496 ut
510 3449 536 3497 B.
556 3449 706 3509 Rhenanus,
724 3449 755 3496 G.
772 3451 795 3497 J.
813 3451 917 3497 Vossius
933 3460 957 3497 et
975 3453 1102 3513 Muretus,
1120 3456 1245 3505 Velleium

162 3558 174 3577 ι
183 3534 245 3582 nulli
257 3534 322 3581 inter
330 3532 430 3580 Latinos
440 3531 575 3579 secundnm
586 3567 594 3592 ,
607 3542 699 3578 castum
710 3548 737 3579 ac
750 3533 856 3581 nitidum
866 3534 894 3581 in
904 3533 1026 3592 dicendo;
1042 3536 1176 3586 dictionem
1188 3542 1245 3601 ejus

161 3618 235 3683 plane
249 3633 377 3665 romanam
394 3624 466 3678 atque
482 3615 634 3679 elegantem
651 3615 780 3663 historiam
798 3617 829 3664 ab
847 3634 876 3665 eo
894 3627 955 3664 tersc
972 3618 1088 3680 inprimis
1103 3633 1175 3684 atque
1192 3625 1244 3672 ele-

160 3712 246 3768 ganter
260 3718 312 3750 ease
326 3700 470 3764 explicatam
480 3735 487 3759 ,
499 3721 511 3740 n
522 3699 681 3760 indicarunt3
696 3699 788 3762 quibus
802 3699 962 3765 adstipulatur
976 3703 1151 3753 lluhnlsenius.

196 3786 332 3847 Quodnam
350 3784 462 3848 priorum
480 3783 655 3831 historicorum
674 3782 816 3846 exemplum
835 3786 973 3847 exprimere
991 3787 1112 3834 studuerit
1132 3789 1243 3851 Noster,

162 3868 228 3917 idem
239 3867 405 3917 Ruhnkenius
415 3867 441 3913 in
456 3868 524 3914 Praei,
538 3867 584 3915 sub
596 3866 640 3914 fin,
655 3868 751 3932 primns
761 3869 886 3917 verissime
900 3870 1046 3919 observarit.
1059 3873 1157 3920 Etiamsi
1173 3876 1244 3923 eninr

161 3951 288 4016 ingenium
307 3949 414 3997 habebat
432 3952 582 4014 optimorum
599 3961 727 3998 anctorum
743 3951 860 4017 elegantia
878 3955 1015 4016 nutritum,
1033 3966 1060 4002 ut
1073 3956 1135 4002 adeo
1153 3971 1243 4005 eorum

161 4038 293 4087 sententias
304 4072 312 4097 ‚
324 4034 432 4084 colorem
443 4046 515 4100 atque
526 4048 641 4086 ornatum
655 4052 835 4100 nonuunquam
847 4035 896 4085 iere
909 4040 1070 4103 expresserit;
1082 4051 1182 4101 tamen,
1197 4040 1244 4089 de·
