2670 4836
125 334 198 394 xxiv
368 325 688 393 ntssltttmlo
711 326 949 394 Enttottts

158 445 273 508 Sequimr
291 454 319 491 ut
339 443 467 491 medamus
488 443 641 492 Velleiauum
661 458 742 508 opus,
761 444 857 493 etiamsi
877 445 947 510 prins
967 446 1127 503 inchostnm,
1148 463 1203 496 nou

124 539 206 576 tamen
220 529 367 576 destinatum
383 529 432 575 luri
448 529 521 576 fuisse
537 537 594 575 ante
608 526 735 576 Vinicium
749 527 904 593 designatum
919 530 1059 589 eonsulem3
1075 541 1099 577 et
1116 531 1204 579 saltem

123 612 179 676 ipso
196 610 336 661 consulatus
352 626 419 659 anno
432 609 570 657 absolutum
583 608 657 656 luisse
672 626 680 656 τ
698 609 759 672 quid
775 610 843 659 euim
856 611 915 658 inde
928 613 1010 677 grstia
1025 623 1145 677 sperasset
1158 629 1203 662 au·

123 705 189 754 otor,
203 696 236 753 si,
248 711 321 758 quem
336 695 389 743 solo
403 695 542 742 consulatus
554 693 655 742 nomine
666 692 786 754 celebrat,
799 692 869 741 iilum
877 696 928 754 J'sm
939 712 1062 760 egressum
1072 696 1204 744 oonsulana

124 778 211 825 fuisset
226 776 363 825 allocutus?
377 786 537 840 preterquam
552 777 620 841 qnod
636 793 703 826 anno
715 778 832 840 proximo
843 779 945 837 Seisnus
956 779 1061 838 oocidit‚
1074 788 1203 842 tantopere

125 859 244 909 aNostro
260 860 386 921 laudatus,
399 876 427 907 ao
441 861 534 908 nemini
548 871 612 908 certe
628 871 685 925 post
701 871 806 909 mortem
822 878 890 910 susm
902 861 1040 909 laudabilis.
1051 860 1115 908 Inde
1127 861 1204 924 igitur

125 944 167 992 illa
179 955 227 993 tam
240 946 267 992 in
280 946 335 1009 ipso
346 961 421 1009 opere
431 946 566 1010 frequentin
576 946 662 994 oalami
672 947 828 1010 properantis
836 945 943 1003 indicis,
955 944 1060 1008 quibus,
1073 944 1205 992 othones·

127 1041 179 1078 tum
198 1031 279 1079 velum
300 1042 416 1095 pntexat
434 1042 534 1091 auctor,
554 1031 690 1095 praeludere
710 1047 736 1078 se
754 1032 847 1078 dictitat
864 1031 950 1090 majori
969 1029 1010 1077 isti
1028 1046 1056 1076 su
1074 1030 1204 1077 maturiori

127 1113 211 1177 operi,
226 1129 277 1176 quo
290 1129 407 1161 aremus
417 1115 504 1163 Voluit
515 1123 539 1161 et
550 1114 690 1179 principum
700 1114 773 1162 simul
783 1115 883 1177 gratiam
893 1113 1009 1176 sucupari
1022 1123 1047 1159 et
1058 1122 1205 1176 pretentare

127 1196 260 1246 bominum
270 1197 301 1246 de
313 1198 413 1263 ingenio
425 1216 470 1248 suo
480 1198 581 1258 judicis
592 1200 674 1260 Quam
685 1198 758 1262 longe
769 1214 784 1245 a
793 1198 871 1260 priori
881 1207 941 1246 roto
952 1196 1074 1261 potiendo
1084 1196 1205 1256 abluerit,

125 1282 177 1342 iam
188 1281 310 1338 diximns3
324 1281 441 1342 alterum,
454 1281 523 1345 qnod
532 1282 662 1330 literariam
672 1281 769 1330 landem
783 1280 919 1346 spectabat,
932 1296 984 1328 nou
995 1280 1089 1328 felicius
1098 1280 1205 1328 erasisse

128 1366 234 1413 videtur.
245 1366 307 1414 Nam
317 1376 373 1431 ραι
382 1367 463 1425 Sejani
472 1377 577 1414 mortem
586 1367 664 1431 ignoti
674 1366 767 1428 aliquot
777 1365 852 1426 hujus
864 1365 946 1428 operis
956 1364 1054 1411 oodioes
1065 1365 1093 1410 in
1101 1363 1204 1428 privatis

128 1451 228 1499 sortasse
246 1451 402 1499 bibliothecis
419 1462 578 1500 manserunt:
595 1451 639 1514 qui
651 1460 711 1515 post
723 1449 799 1498 iudas
815 1449 978 1496 barbarorum
994 1448 1161 1512 direptiones,
1179 1457 1204 1495 et

128 1534 156 1580 iu
170 1533 209 1581 illa
223 1534 265 1581 rix
283 1536 461 1599 resurgentium
475 1536 600 1583 literarum
616 1533 791 1598 trepidatione,
807 1549 864 1580 casu
880 1534 907 1579 in
921 1532 1100 1580 monachorum
1116 1548 1204 1579 manus

128 1615 271 1664 inuiderunt
283 1616 349 1664 bona
359 1618 451 1666 malave
463 1633 531 1680 reque
545 1617 765 1665 mansuribentium.
778 1617 831 1664 Nec
843 1627 940 1680 tempus
954 1615 1018 1663 edax
1032 1632 1119 1663 eorum
1132 1614 1204 1664 labo·

129 1697 198 1746 ribus
210 1700 333 1765 peperuit;
348 1700 391 1747 sed
402 1701 510 1763 reliquia
522 1717 574 1747 uon
587 1699 773 1747 oontemnendoe
786 1699 903 1746 llbenani
915 1707 939 1745 et
949 1698 1044 1745 liuremi
1057 1714 1116 1745 oura
1129 1697 1204 1745 nobis

129 1793 242 1843 serrata,
252 1793 309 1848 ραι
317 1784 502 1846 quatuordecim
510 1783 610 1830 demum
619 1783 699 1831 secula
706 1782 826 1830 Velleium
832 1817 840 1842 ,
847 1782 898 1843 jam
906 1783 980 1829 morti
989 1796 1041 1829 non
1051 1781 1204 1841 obnoxium,

129 1869 266 1931 posteritati
279 1880 444 1918 serraverunt.
837 1865 841 1873 '

163 1950 240 1997 Tituli
256 1967 330 2014 quem
348 1969 415 2000 nnuc
434 1954 487 2014 eius
505 1954 602 2018 prefert
616 1952 736 2001 historia:
757 1953 784 2002 C.
802 1949 890 1999 l'eller't'
899 1948 1026 1999 Paterculi
1038 1947 1147 1996 lr‘ston‘oe
1160 1962 1189 1994 ro

130 2051 223 2093 ma,
239 2036 349 2099 priorem
362 2039 412 2098 jam
422 2049 517 2102 partem
528 2023 688 2095 asseruimus,
701 2053 778 2100 quum
792 2036 823 2084 de
834 2034 1013 2084 eonstimendis
1026 2032 1112 2081 Nostri
1122 2032 1205 2080 norni-

119 2116 205 2164 ‘nibus
216 2129 327 2181 ageretur
337 2136 343 2165 :
357 2120 429 2168 alters
439 2137 513 2185 pars,
526 2120 635 2168 historie
645 2136 769 2178 romane,
783 2121 874 2184 pariter
883 2120 910 2166 in
920 2117 1113 2167 controvertitur
1124 2115 1206 2175 venit,

130 2208 159 2247 ut
168 2215 222 2262 quae
232 2201 276 2260 sit,
288 2204 452 2266 quorumdam
463 2205 573 2265 judicio,
586 2223 600 2252 e
610 2205 726 2253 Rhenani
737 2204 884 2265 oonjeeturis
894 2213 955 2250 orta.
969 2202 1017 2249 Sed
1030 2217 1077 2251 nos
1089 2210 1206 2265 putamus

130 2299 188 2332 rere
204 2284 253 2334 boc
270 2287 341 2337 titulo
357 2290 485 2353 insignitas
501 2290 574 2338 fuisse
589 2306 696 2338 summas
712 2291 741 2337 in
755 2291 810 2354 ipso
824 2287 910 2335 oodiee
924 2287 1039 2351 psglnas:
1057 2300 1108 2348 quo
1123 2294 1205 2332 tamen

130 2368 161 2417 lis
174 2372 256 2419 omnis
273 2389 327 2421 nou
343 2373 500 2422 dirimeretur
515 2376 587 2439 (urm
605 2376 632 2422 in
648 2374 769 2422 librorum
785 2372 1007 2434 manuscriptorum
1026 2368 1102 2416 titulis
1118 2382 1207 2432 magns

133 2469 185 2501 esse
201 2456 264 2503 solet
280 2457 439 2521 diversitas),
455 2470 479 2506 et
493 2460 574 2523 potius
592 2459 661 2523 operi
679 2474 751 2522 quam
766 2455 837 2503 titulo
851 2453 1003 2502 credendum
1019 2462 1097 2510 esset,
1113 2452 1136 2498 ’ἶ
1149 2450 1207 2498 ωῑῖ·

131 2554 225 2586 versant
239 2540 322 2603 potius
336 2558 409 2604 quam
424 2558 549 2590 romanam
564 2542 692 2589 historiam
709 2539 757 2587 sibi
772 2539 864 2586 Noster
875 2537 1044 2602 proposuisset
1056 2534 1207 2583 adumbrau-

132 2618 197 2666 dam.
214 2621 265 2683 Qui
282 2622 309 2669 in
326 2623 391 2671 bano
409 2625 554 2672 sententium
572 2635 646 2684 eunt,
665 2623 771 2687 allegant
786 2622 921 2686 prasertim
936 2620 1068 2668 multarum
1080 2619 1207 2665 civitatum

132 2704 240 2768 arigim
258 2706 329 2754 turno
345 2711 427 2773 open
440 2708 637 2773 sompnum.
651 2707 746 2755 verum
759 2707 787 2756 tn
802 2706 841 2754 tn
860 2692 958 2754 vrum
973 2703 1101 2770 prunum
1117 2703 1208 2750 rm

132 2798 198 2837 ratus
216 2805 268 2836 esse
285 2791 407 2852 Velleius,
425 2809 475 2856 quo
492 2794 621 2841 uertiorem
639 2779 724 2839 Romae
740 2790 861 2838 mutibus
878 2789 977 2847 locum,
995 2788 1060 2834 iuter
1076 2783 1208 2833 indefinita

133 2885 271 2939 tempomm
281 2880 373 2942 spatia,
384 2880 567 2942 quodmodo
578 2891 703 2938 statumen
718 2890 743 2926 et
752 2894 802 2943 quo
813 2885 938 2943 perspecta
947 2883 1086 2922 oetenmm
1096 2872 1209 2936 gentium

131 2969 214 3018 utate,
227 2961 305 3024 ipsius
318 2965 404 3010 Rome
418 2974 523 3012 retostus
537 2965 630 3013 &cilius
642 2973 726 3028 posset
737 2963 867 3012 aestimari:
881 2961 916 3009 sie
928 2956 1088 3023 'l'nucydides
1099 2956 1130 3004 de
1142 2955 1209 3003 bello

132 3042 312 3107 peloponnesio
330 3057 445 3107 aeturus,
466 3047 576 3111 quiedam
592 3050 675 3113 primo
693 3047 757 3095 libro
775 3047 807 3094 de
824 3046 944 3094 universe
963 3042 1062 3090 Gnciae
1080 3050 1163 3098 statu,
1184 3048 1209 3087 et

132 3128 254 3177 variarum
269 3131 394 3178 oiritstum
407 3132 512 3196 negotiis
521 3133 631 3197 attingit,
645 3131 735 3180 cleram
748 3132 866 3179 secuturis
879 3130 960 3178 lnoem
971 3127 1109 3193 preferens.
1127 3125 1208 3173 Etiam

134 3209 227 3258 Velleio
239 3214 377 3263 carendum
389 3224 454 3275 erut,
469 3231 500 3262 ne
512 3217 587 3263 lector
599 3214 729 3263 debellatus
742 3231 755 3262 a
768 3213 888 3262 Romanis
900 3223 937 3261 tot
947 3221 1030 3276 gentes
1042 3225 1099 3258 cum
1110 3207 1209 3256 fastidio

132 3305 285 3353 reormeoet,
300 3313 360 3359 quus
374 3314 406 3345 ne
421 3297 467 3346 snb
482 3297 540 3346 aeto
553 3297 654 3362 quidem
669 3314 722 3346 esse
735 3297 877 3349 admonitus
892 3305 961 3343 sntea
974 3293 1074 3341 luisset:
1089 3290 1209 3355 quemad-

133 3375 235 3423 modum
246 3378 274 3424 in
284 3379 406 3443 tragoediis
420 3396 494 3428 uento
503 3380 551 3427 nisi
562 3390 632 3427 antes
642 3379 795 3444 designatus,
809 3389 833 3427 et
843 3379 893 3439 jam
904 3377 985 3439 aliqua
996 3393 1028 3424 ex
1039 3384 1109 3440 perte
1121 3373 1209 3437 cogui-

132 3470 172 3507 tus
185 3461 325 3508 intervenit.

168 3541 251 3604 objici
262 3544 362 3606 quidem
373 3557 453 3610 potest
468 3548 627 3610 fragmentum
641 3562 654 3593 a
670 3544 795 3593 Prisciano
810 3552 946 3601 serratum,
960 3558 974 3590 a
985 3538 1140 3589 Ruhnkeuio
1151 3549 1210 3603 ραι

132 3641 186 3690 cap.
197 3627 212 3673 8
224 3627 253 3675 iu
262 3629 329 3676 notis
338 3627 431 3676 editum
442 3647 448 3675 ε
461 3654 473 3671 ι
482 3630 535 3678 Neo
552 3630 634 3678 minus
652 3628 731 3676 clarus
745 3642 772 3674 ea
791 3635 932 3691 tempestate
946 3624 992 3672 fuit
1005 3622 1125 3672 Miltiadis
1141 3621 1210 3670 lilius

133 3820 233 3867 ulterum
243 3822 314 3882 gessit
324 3822 484 3878 consulatum
498 3839 546 3885 quo
560 3831 645 3869 exacto
658 3820 804 3875 Messalino,
816 3836 868 3881 qua
877 3817 1041 3881 quinquennio
1051 3824 1105 3862 snte
1119 3815 1206 3861 Julism

133 3911 241 3957 quoque.
254 3897 380 3958 conjugem
390 3899 454 3958 ejus,
469 3914 482 3944 e
496 3898 575 3944 medio
588 3896 726 3947 sustulerst.
742 3893 861 3942 veneficiis
875 3902 972 3940 necatus
986 3900 1028 3937 est.
1043 3891 1078 3936 De
1093 3889 1208 3936 fratribus

132 3971 204 4031 hujus
213 3971 348 4032 eloquentia
358 3972 427 4018 claris
436 3972 490 4017 ride
499 3972 550 4020 rtis
560 3972 674 4025 rubrum,
689 3969 721 4016 ad
736 3969 830 4015 Seuere
845 3971 959 4016 controv.
973 3964 1042 4019 Xlll,
1056 3979 1081 4026 ρ.
1093 3961 1156 4015 206.
1168 3962 1206 4007 ed.

134 4048 239 4092 Gronov.
256 4047 354 4094 llutos.
