2670 4836
172 543 655 683 PRAEFATIO
703 548 1146 686 EDITORIS.

535 885 782 904 m

127 1245 227 1386 Qua·
260 1313 371 1362 nostra
397 1299 497 1363 fuerit
524 1300 609 1363 circa
632 1299 794 1363 Velleium
820 1297 1047 1363 adornandum
1078 1322 1195 1387 opera,

123 1413 232 1500 paucis
255 1410 412 1475 lectorem
440 1435 633 1476 moneamus
661 1435 790 1476 necesse
814 1428 873 1475 est.
904 1414 984 1476 Dav.
1008 1412 1197 1476 Ruhnkenii

125 1528 299 1591 editionem
321 1550 393 1614 quae
416 1529 625 1617 potissimum
650 1528 736 1616 typis
762 1523 992 1607 mandaretur,
1020 1527 1199 1615 elegimus,

129 1655 160 1708 ι0
179 1658 316 1730 propter
332 1643 492 1730 egregiam
518 1659 627 1706 textus
645 1664 805 1728 nusquam
825 1656 882 1703 aut
904 1664 980 1703 raro
1004 1643 1200 1722 conjecturis

124 1753 296 1818 adulterati
312 1752 432 1835 fidem,
458 1768 494 1818 2⁰
509 1755 554 1819 ob
571 1757 755 1846 elegantem
773 1772 926 1820 notarum
947 1756 1199 1844 parcimoniam,

126 1893 193 1957 quae
210 1871 356 1958 legentes
369 1869 502 1952 juvare,
520 1894 587 1935 non
602 1871 738 1960 fatigare
752 1871 870 1959 possit;
889 1867 925 1934 3⁰
938 1869 982 1933 ob
996 1869 1198 1934 incolumem

126 1999 196 2069 post
219 1999 270 2046 tot
293 2006 397 2047 annos
419 1984 518 2065 hujus
542 1985 770 2048 commentarii
789 1985 930 2064 famam,
955 1983 1045 2071 quod
1067 1983 1203 2048 certissi-

127 2118 213 2159 mum
235 2112 283 2160 est
299 2120 383 2161 veras
401 2097 506 2161 laudis
526 2097 705 2162 indicium:
726 2098 814 2162 unde
830 2098 990 2162 Krausius
1006 2099 1093 2186 ipse,
1111 2121 1201 2162 sum·

128 2231 196 2272 mus
211 2208 401 2273 Ruhnkenii
413 2209 609 2293 admirator,
626 2229 702 2286 tam.
709 2214 789 2284 certi
803 2212 896 2280 ducis
912 2212 1047 2300 vestigia
1061 2214 1152 2300 sequi
1168 2236 1202 2276 se

129 2322 228 2409 palam
245 2321 431 2411 profitetur.
446 2324 632 2388 Doctissimi
648 2326 751 2406 etiarn
763 2325 824 2407 vni
841 2324 989 2405 Fr..Ern.
1003 2308 1166 2411 Rudkopf
1170 2339 1203 2387 et

131 2433 263 2500 Godofr.
280 2434 430 2518 Seebode,
444 2438 476 2500 in
487 2461 625 2525 corpore
635 2461 699 2534 sup
705 2439 937 2536 historicorum
949 2438 1142 2521 latinorum,
1158 2439 1203 2505 in·

130 2566 231 2642 tegras
242 2551 389 2634 ejusdem
402 2570 495 2617 notas
506 2553 547 2617 ad
559 2578 691 2618 suarum
702 2556 824 2619 calcem
836 2536 983 2649 edendas
991 2569 1201 2641 putaverunt.

171 2668 253 2749 Quae
274 2683 381 2729 tamen
399 2667 434 2730 in
455 2667 658 2746 Ruhnkenio
673 2648 1044 2755 desiderariffpotemnt,
1066 2689 1202 2755 praeser-

132 2783 185 2845 tim
198 2781 238 2845 ad
255 2804 366 2845 rerum
381 2796 413 2845 et
429 2805 641 2870 personarum
656 2772 806 2845 notitiam
828 2776 1042 2869 pertinentia,
1062 2805 1104 2844 ne
1123 2779 1203 2869 quid

133 2892 163 2955 in
177 2912 287 2959 nostra
302 2893 447 2958 editione
460 2894 599 2976 deesset,
615 2893 706 2982 quod
718 2895 751 2956 in
765 2916 833 2957 rem
849 2894 979 2957 lectoris
994 2892 1062 2957 fieri
1076 2909 1204 2980 posset,
1243 2967 1251 2979 ,

133 3007 258 3072 abunde
269 3008 502 3096 supplevimus.
516 3007 645 3072 Idcirco
657 3008 831 3096 selegimus
843 3031 918 3071 cum
933 3031 970 3072 ex
984 3009 1054 3096 ipso
1064 3007 1205 3071 Krausio

135 3137 186 3185 aut
212 3121 452 3186 recentioribus
478 3122 568 3201 aliis,
596 3138 668 3186 tum
694 3121 872 3210 praesertim
898 3143 937 3185 ex
963 3120 1205 3207 antiquioribus

135 3234 292 3299 Paterculi
314 3236 568 3323 interpretibus,
614 3237 649 3302 ui
668 3259 782 3300 omnes
803 3234 843 3298 ad
865 3258 998 3298 manum
1021 3234 1150 3299 fuerant
1171 3237 1205 3299 in

136 3347 277 3412 editione
290 3348 548 3434 Ruhnkeniana,
567 3352 734 3439 copiosam
755 3366 907 3414 notarum
930 3367 1083 3439 segetem.
1107 3351 1145 3415 ln
1167 3352 1207 3414 iis

135 3485 227 3544 vero,
245 3487 319 3552 quae
336 3466 574 3553 excerpsimus,
592 3463 859 3546 transcribendis,
882 3487 1008 3528 summa
1025 3465 1076 3528 usi
1094 3487 1207 3529 sumus

135 3575 197 3644 fide
212 3605 251 3645 ac
270 3579 450 3669 diligentia.
474 3583 585 3646 Unum
608 3579 797 3645 admisimus
821 3578 910 3666 quod
932 3579 1036 3643 lector
1059 3580 1092 3641 in
1117 3602 1207 3642 suam

137 3693 269 3781 gratiam
284 3693 407 3756 lactum
421 3696 578 3782 ignoscet.
593 3694 677 3757 Nam
690 3715 792 3780 quum
805 3691 1020 3780 interpretum
1033 3692 1087 3755 alii
1104 3691 1211 3754 multo

136 3807 243 3893 plures
267 3809 425 3872 Varronis
447 3833 561 3891 aeram,
587 3808 642 3872 alii
667 3807 816 3888 Catonis,
840 3806 936 3871 binos
959 3831 1061 3872 annos
1077 3804 1213 3895 singulis

138 3922 270 3985 summis
282 3921 524 4004 detrahentem;
540 3921 595 3985 alii
608 3944 686 3985 vero
702 3919 841 3985 mediam
860 3924 927 3986 sive
943 3921 1100 3986 fastorum
1115 3942 1211 3984 eram

141 4052 370 4120 sequerentur;
387 4037 492 4125 gravis
511 4035 588 4101 inde
608 4036 772 4102 oriebatur
792 4037 960 4117 molestia,
983 4034 1073 4124 quod
1092 4032 1211 4122 passim

222 4148 238 4178 *
1017 4169 1037 4211 t
