2670 4836
138 340 171 402 iv
536 334 813 400 PRAEFATIO

137 453 255 520 citatos,
275 450 374 506 oculos
387 447 551 519 fefellisset,
570 451 615 504 Jo.
634 449 770 505 tilbertus
784 449 919 505 Bnrerius
938 461 1081 508 recentem
1098 473 1113 506 a
1127 457 1209 527 prelo

136 543 280 599 Velleium
292 540 396 596 iterum
411 540 448 595 ad
462 539 594 595 eumdem
607 538 753 610 codicem,
768 540 819 613 qui
830 540 923 596 adhuc
934 561 1021 616 penes
1033 545 1054 598 F
1057 544 1209 602 robenium

136 645 227 704 esset,
247 633 359 707 exegit,
378 642 407 688 et
424 631 616 706 discrepantes
634 633 788 703 lectiones,
810 652 879 707 quas
895 646 1056 705 enotasset,
1078 639 1211 694 erenani

136 726 259 784 editioni
274 724 412 799 subjecit,
434 734 513 779 tanta
532 724 671 800 religione
690 727 742 781 hac
763 727 794 781 in
814 745 845 782 re
864 739 1010 798 versatus,
1033 741 1065 784 ut
1085 730 1210 807 singulas

135 820 256 894 syllabas
275 817 385 872 minuta
399 827 428 873 et
444 815 527 871 anxia
540 817 687 893 diligentia
704 818 740 872 ad
757 819 880 874 calculos
896 831 1023 876 voearet.
1040 824 1107 889 Quo
1121 823 1210 897 magis

134 912 245 979 miror,
267 909 338 984 qnid
357 909 388 964 in
405 919 530 965 mentem
547 909 661 965 venerit
679 911 807 965 Grutero
829 909 866 964 ad
882 911 955 965 Vell.
975 914 1003 967 ll
1012 952 1020 980 ,
1043 921 1080 986 49
1101 925 1128 968 ct
1152 916 1211 986 68,

133 1003 243 1059 fraudis
261 1002 356 1057 nescio
375 1000 454 1072 cujus
469 994 662 1074 suspicionem
677 999 790 1072 jacere3
811 1019 983 1074 quamquam
1001 1004 1108 1077 reperti
1124 1016 1209 1074 sunt,

134 1096 186 1170 qui
206 1095 291 1168 hujus
309 1093 412 1167 judicii
434 1093 579 1149 levitatem
604 1102 711 1147 temere
735 1104 945 1166 sequerentur,
970 1096 1149 1152 Burmannus
1170 1098 1208 1153 ad

133 1188 207 1243 Vell.
224 1188 268 1254 ll,
284 1203 341 1254 aa,
362 1194 390 1240 et
406 1184 437 1239 in
455 1183 534 1260 praef.
553 1192 582 1238 et
603 1181 750 1237 Fabricius
775 1183 805 1236 in
829 1183 901 1238 Bibl.
922 1186 984 1240 Lat.
1006 1196 1025 1240 t.
1046 1188 1094 1257 Il,
1115 1207 1143 1262 p.
1163 1189 1207 1245 1⁸.

134 1277 277 1351 Equidem
295 1296 368 1351 saepe
386 1275 484 1350 optavi
494 1316 503 1344 ,
524 1285 557 1329 ut
574 1272 646 1327 mihi
665 1273 771 1328 codicis
787 1275 891 1330 iterum
907 1276 1076 1350 inspiciendi
1091 1279 1208 1336 facultas

133 1371 335 1444 contingeret,
357 1388 417 1424 non
434 1367 513 1442 quod
532 1385 578 1421 me
596 1366 706 1433 multa,
727 1385 790 1438 quae
811 1367 943 1424 Rhenaui
964 1380 992 1424 et
1010 1371 1122 1425 Burerii
1141 1372 1208 1427 dili-

133 1463 258 1539 gentiam
276 1461 432 1536 fugissent,
451 1460 638 1514 inventurum
651 1456 819 1529 sperabam,
844 1459 895 1514 sed
916 1479 974 1533 qno
994 1462 1099 1517 certius
1112 1463 1208 1518 homi-

132 1573 202 1609 num
225 1552 261 1607 de
281 1552 371 1607 literis
391 1552 465 1608 bene
488 1548 660 1604 meritorum
680 1546 751 1603 fides
773 1550 1000 1608 confirmaretur.
1022 1554 1207 1621 Quinetiam

132 1645 229 1700 amicis
254 1643 425 1716 quibusdam
446 1640 549 1698 Alsatis
570 1637 718 1714 negotium
743 1638 830 1710 dedi,
853 1652 907 1712 ut,
930 1643 955 1698 si
974 1643 1065 1698 codex
1087 1646 1207 1700 murba-

133 1737 224 1792 censis
240 1735 333 1789 adhuc
353 1744 530 1806 superesset,
552 1730 680 1785 studiose
698 1732 887 1804 inquirerent.
905 1735 963 1791 Sed
981 1736 1091 1791 nullum
1106 1737 1209 1794 inven-

132 1839 195 1884 turn
214 1845 272 1881 csse
291 1824 478 1893 nuntiarunt,
498 1824 557 1878 sive
576 1821 634 1894 jam
651 1821 721 1877 olim
739 1825 810 1878 mala
828 1843 915 1879 manu
930 1827 1041 1882 ablatus
1057 1828 1111 1897 sit,
1133 1849 1208 1903 quo-

132 1920 208 1974 niam
231 1936 283 1972 nec
307 1915 563 1988 Montfanconius,
583 1914 697 1970 codices
719 1915 921 1972 marbacenses
940 1937 1107 1989 recensens,
1132 1922 1205 1977 Bibl.

132 2012 302 2068 Bibliothec.
318 2020 338 2064 t.
352 2011 395 2079 11,
412 2029 442 2084 p.
458 2007 553 2079 1175,
571 2008 659 2063 ullam
675 2008 736 2081 ejus
750 2010 925 2066 mentionem
939 2012 1023 2081 fecit,
1039 2014 1099 2070 sive
1114 2034 1208 2089 nuper

133 2102 289 2158 admodum
300 2101 419 2175 perierit
431 2100 461 2156 iu
472 2101 683 2156 monachorum
695 2118 729 2153 ex
742 2101 809 2155 sede
820 2103 1001 2160 murbacensi
1012 2106 1042 2158 in
1055 2106 1208 2164 Gebenwi-

132 2195 272 2250 larensem
290 2193 480 2268 migratione,
503 2194 538 2249 de
560 2211 616 2266 qua
634 2190 777 2247 videndus
796 2193 954 2249 Gerbertus
974 2196 1040 2251 ltin.
1057 2200 1206 2256 Alcmana.

130 2304 159 2358 p.
173 2284 241 2339 366.
258 2285 318 2340 Nec
332 2285 403 2340 alius
419 2284 488 2339 dum
504 2293 608 2357 praeter
624 2284 700 2338 hunc
714 2285 816 2340 MStus
831 2296 961 2359 repertus
978 2298 1035 2355 est,
1056 2289 1111 2344 nisi
1125 2293 1206 2365 quod

132 2377 263 2431 Lahbeus
284 2376 357 2431 Bibl.
376 2378 452 2431 Nov.
473 2376 557 2431 MSS.
574 2395 603 2449 p.
624 2377 693 2445 167,
713 2396 749 2432 ex
769 2379 866 2434 nescio
885 2399 941 2452 qua
960 2380 1133 2438 bibliotheca
1146 2403 1208 2441 me-

133 2479 228 2525 morat
247 2471 276 2522 V
274 2469 352 2522 elleii
366 2469 513 2523 Paterculi
531 2469 634 2522 librum
650 2468 782 2540 priorem
798 2471 949 2539 integrum.
967 2472 1054 2545 Cujus
1073 2475 1115 2529 rei
1135 2474 1208 2533 fides

132 2559 170 2615 sit
183 2576 268 2632 penes
279 2567 435 2612 auctorem.
454 2557 502 2614 Sic
516 2556 698 2613 murbacensi
710 2557 810 2612 codice
822 2561 912 2617 oculis
924 2563 1029 2618 nostris
1040 2564 1206 2640 subtracto,

133 2650 367 2723 relinquebatur,
390 2661 424 2704 ut
447 2650 578 2706 Rhenani
600 2660 629 2703 et
652 2648 765 2703 Burerii
786 2668 846 2705 non
870 2651 957 2708 dubia
979 2653 1036 2710 fide
1058 2667 1205 2715 staremus.

134 2745 267 2810 Quorum
286 2740 371 2796 etiam
391 2752 494 2811 notas,
514 2740 634 2815 singulis
651 2739 763 2814 paginis
784 2744 889 2798 veteris
908 2746 1056 2819 scripturae
1077 2751 1207 2807 testimo-

132 2832 212 2887 nium
231 2831 416 2900 exhibentes,
435 2831 617 2887 subtextum
635 2830 853 2902 revocavimus,
872 2836 995 2892 aliorum
1015 2838 1207 2913 interpretum

132 2925 368 2981 annotationibus
383 2925 420 2980 ad
436 2924 504 2980 libri
518 2925 623 2978 calcem
637 2922 760 2995 rejectis.
775 2926 919 2983 Hactenus
935 2929 972 2984 de
988 2931 1114 2987 editione
1132 2935 1207 2991 Rhe-

132 3019 221 3088 nani,
245 3037 306 3073 non
327 3020 422 3073 solum
444 3014 575 3091 principe
599 3013 776 3088 reliquarmn
796 3019 948 3090 omniurn,
969 3022 1019 3076 sed
1041 3041 1098 3078 una
1121 3026 1206 3082 etiam

131 3121 254 3186 propter
265 3109 352 3164 fidem
363 3120 392 3164 et
403 3106 598 3182 iutegritatem
609 3105 714 3181 digna,
728 3108 774 3163 cui
785 3129 891 3166 nomeu
905 3108 1039 3168 editionis
1052 3117 1204 3174 tribuatur.

132 3204 231 3271 Quum
250 3213 344 3257 autem
362 3200 394 3254 in
412 3200 464 3253 hac
480 3197 606 3254 editione
625 3197 847 3259 innumerabiles
866 3202 940 3270 loci,
957 3205 1007 3278 qui
1026 3210 1206 3268 correctione

129 3293 316 3369 indigerent,
339 3301 540 3365 superessent,
563 3302 597 3345 ut
617 3291 740 3368 quisque
758 3314 826 3351 mox
847 3295 884 3350 ad
901 3296 1043 3353 Velleium
1061 3302 1206 3360 edendum

86 3410 90 3423 ι
129 3383 264 3451 accessit,
286 3381 326 3436 ita
346 3381 406 3454 ejus
428 3392 538 3436 textum
558 3400 613 3455 pro
634 3396 720 3458 captu
741 3406 793 3442 suo
814 3389 860 3443 vel
877 3387 1026 3445 meliorem
1048 3392 1135 3464 fecit,
1159 3398 1205 3452 vel

129 3473 271 3547 corrupit.
289 3475 423 3541 Quorum
444 3472 604 3544 editiones,
626 3477 680 3532 etsi
700 3479 812 3533 nullum
832 3478 962 3554 suffragii
980 3479 1027 3553 jus
1047 3482 1205 3558 habentes,

128 3579 224 3623 tamen
245 3565 354 3620 idcirco
377 3564 559 3638 inspiciendae
580 3580 664 3637 suut,
689 3580 740 3638 ut,
766 3568 837 3642 quid
861 3570 981 3643 quisque
1005 3586 1204 3634 correctorum

127 3656 237 3714 Velleio
250 3656 297 3710 vel
310 3655 468 3728 profuerit,
486 3659 532 3712 vel
546 3659 689 3730 obfuerit,
706 3673 904 3735 cognoscatur.
917 3662 1047 3735 Primus,
1062 3681 1202 3740 quantum

125 3749 264 3824 indagare
284 3747 450 3823 potuimus,
473 3748 503 3803 in
524 3752 635 3807 Velleio
655 3752 766 3824 aliquid
786 3762 897 3809 mutare
917 3753 1041 3810 instituit
1058 3759 1167 3829 Juata,
1187 3782 1203 3817 a

124 3841 240 3899 nemine
255 3841 437 3915 superiorum
453 3841 644 3919 interpretum
658 3844 822 3916 adhibitus,
839 3846 919 3920 cujus
936 3867 1004 3904 cura
1016 3849 1142 3908 Velleius
1157 3874 1201 3911 ac-

123 3933 206 3991 cessit
223 3931 337 3989 Justino
351 3945 379 3989 et
396 3935 523 4009 Nepoti,
544 3936 716 4005 Florentiae,
736 3936 829 4007 1525,
850 3941 878 3995 8.
900 3940 973 3995 Huic
989 3944 1123 3998 successit
1137 3946 1200 4001 Mi-

122 4026 202 4085 chael
219 4026 413 4097 vascosanus,
432 4027 573 4084 Velleium
590 4028 698 4085 addens
718 4028 843 4104 Appiani
862 4031 1052 4089 Alexandrini
1072 4034 1198 4093 versioni
