2670 4836
142 336 239 416 xxviij
412 335 949 402 Nortrrastrnatats

146 451 233 497 Perseo
247 449 306 496 iude
320 448 385 496 victo
398 450 515 497 contiuua
527 450 609 515 pergit
621 468 702 500 rerum
715 468 873 501 romanarum
883 453 1004 500 enarratio
1016 453 1047 499 ad
1059 453 1133 500 Liviae
1144 470 1224 518 usque

146 533 257 593 obitum,
272 550 292 582 a.
307 535 338 580 U.
353 549 374 580 c.
389 533 583 585 DCCLttxxtt.

177 621 208 665 ln
221 617 300 681 priori
315 627 395 664 autem
410 617 492 680 operis
504 620 593 668 velleii
605 630 673 684 parte
684 619 793 668 mutilata
805 619 903 667 Graecos
917 618 993 683 egisse
1004 619 1115 682 potiores
1128 628 1226 684 partes,

142 711 207 764 patet
219 703 328 765 primum
338 703 376 749 vel
389 718 421 749 ex
432 701 492 763 ipsis
502 705 577 764 hujus
587 705 663 768 partis
674 703 799 766 reliquiis,
813 719 874 765 quas
884 705 1026 750 Graecorum
1038 719 1076 751 res
1087 703 1117 750 ad
1129 702 1226 751 Urbem

143 802 219 848 usque
234 785 359 833 conditam
371 789 527 851 potissimum
538 788 653 852 explente
666 787 757 834 deinde
772 802 785 833 e
800 785 935 850 fragmento
947 787 1049 844 Velleii,
1069 803 1082 834 a
1098 787 1225 833 Prisciano

142 869 185 917 lib.
200 871 252 928 Vl,
269 887 323 935 pag.
343 874 409 932 706,
427 884 541 921 servato:
559 895 571 914 α
580 872 633 920 Nec
646 871 729 919 minus
743 869 822 918 clarus
835 886 863 916 ea
881 880 1023 934 tempestate
1041 870 1087 917 fuit
1102 856 1224 917 Miltiadis

142 951 222 1012 lilius,
237 953 335 1003 Cimon.
344 977 356 996 υ
371 958 434 1004 Tum
448 972 547 1020 quoque
560 957 703 1004 Graecorum
718 956 800 1014 natio,
820 953 942 1001 ut'rerum
957 955 1088 1001 fortissime
1101 962 1225 1017 gestarum

142 1037 232 1101 gloria,
250 1037 285 1085 ita
303 1040 422 1099 coloniis,
442 1041 609 1101 commerciis,
627 1040 682 1087 vitae
699 1039 780 1097 cultu,
798 1038 926 1099 moribus,
941 1039 1063 1095 inventis,
1084 1038 1179 1085 artibus
1196 1054 1224 1085 ac

143 1121 269 1179 doctrina,
284 1131 308 1168 et
317 1123 403 1170 orbem
416 1135 538 1171 terrarum
554 1107 669 1185 omnem,
683 1133 707 1169 et
719 1121 812 1170 Italiam
827 1123 981 1184 Romamque
998 1121 1085 1168 urbem
1101 1121 1222 1184 implevit.

178 1286 252 1334 Unde
269 1297 351 1335 autem
368 1290 493 1347 Velleius,
510 1305 587 1351 quum
603 1289 635 1336 ab
653 1288 725 1337 initio
743 1288 857 1336 mutilum
871 1288 902 1334 sit
918 1286 1078 1351 opuseulum,
1094 1286 1224 1334 historiam

143 1384 247 1416 exorsus
258 1369 305 1428 sit,
318 1372 441 1431 conjicere
451 1371 522 1430 ilcet,
533 1381 583 1418 tum
595 1387 627 1417 ex
638 1371 683 1430 iis,
696 1388 750 1433 quae
763 1370 844 1418 adbuc
854 1371 882 1418 in
892 1370 1017 1435 principio
1029 1371 1160 1432 exsistant,
1171 1380 1223 1417 tum

144 1468 175 1499 ex
186 1452 362 1501 historicorum
374 1470 534 1502 romanorum
545 1471 613 1501 more
624 1454 772 1502 exordiendi
784 1470 867 1501 rerum
878 1453 1044 1500 narrationem
1053 1452 1134 1500 iudea
1144 1452 1225 1511 Teojae

145 1536 258 1595 excidio,
272 1538 402 1599 AEneaeque
416 1547 440 1583 et
453 1538 617 1597 Troianorum
631 1536 738 1584 adventu
752 1537 779 1583 iu
793 1536 894 1583 Italiam.
906 1536 970 1583 Nam
985 1551 1038 1599 quae
1050 1552 1063 1583 a
1074 1536 1153 1583 fronte
1166 1534 1225 1582 libri

143 1620 216 1680 primi
231 1620 345 1684 leguntur
360 1620 392 1667 de
405 1637 538 1684 gracorum
549 1621 690 1684 principum
706 1637 719 1667 e
732 1620 798 1669 bello
808 1622 905 1681 trojano
916 1619 1072 1667 redeuntium
1084 1617 1225 1675 erroribus,

143 1702 212 1759 satis,
231 1702 419 1766 civitatibusque
441 1703 532 1767 passim
550 1701 676 1761 conditis,
693 1719 721 1749 ea
741 1702 882 1750 naturaliter
902 1701 1067 1764 sequebantur
1086 1699 1126 1746 Ilii
1144 1699 1225 1746 eversi

144 1786 296 1833 memoriam.
306 1786 393 1849 Neque
407 1786 543 1833 deseruisse
553 1785 674 1840 >Noenum
685 1797 841 1833 communem
855 1795 982 1832 auctorum
993 1784 1100 1847 origines
1110 1796 1225 1829 romanas

143 1870 174 1915 ab
192 1871 267 1916 AEnea
285 1871 387 1932 ejusque
407 1870 509 1917 cohorte
528 1868 657 1934 repetendi
675 1868 881 1917 consuetudinem
901 1867 1031 1931 probabile
1048 1876 1098 1923 est,
1117 1865 1225 1913 maxime

144 1968 237 2016 quum,
252 1952 337 2001 etalio
350 1953 406 2001 loco
421 1953 576 2014 videbimus,
590 1953 672 2018 gratie
685 1952 775 2000 domus
788 1953 919 2016 Augusta,
932 1968 986 2015 quse
996 1949 1131 1998 Anchisem
1142 1951 1226 1996 Vene-

145 2051 245 2098 remque
256 2036 335 2099 gentis
345 2037 417 2084 Jutiae
426 2047 537 2085 auctores
547 2037 710 2101 gloriabatur,
725 2035 849 2100 captandae
860 2036 891 2082 sit
901 2035 1102 2083 studiosissimus.
1112 2033 1226 2095 Denique

145 2120 245 2180 a'l’roja
257 2107 316 2166 inde
333 2130 402 2184 capta
420 2137 503 2168 rernm
518 2122 668 2184 antiquitatis
683 2121 802 2168 memoria
816 2122 920 2179 certior,
934 2120 1034 2176 clarior,
1054 2118 1172 2182 amplior,
1187 2133 1226 2164 re·

144 2199 240 2265 busque
255 2203 510 2269 magnificentioribus
525 2206 600 2270 magis
614 2207 701 2254 referta
715 2222 768 2253 esse
781 2204 861 2268 eoepit.

179 2287 227 2334 Sed
245 2304 301 2336 curn
320 2289 392 2337 initio
408 2290 531 2337 bistoricoe
548 2290 711 2338 enarrationis
728 2288 802 2354 periit
822 2302 921 2350 quoque
942 2285 1049 2332 auctoris
1067 2284 1145 2347 ipsius
1162 2299 1227 2346 pra·

145 2371 203 2417 satio
215 2388 221 2418 τ
236 2388 287 2436 quo
299 2374 388 2421 facturn
402 2383 452 2433 est,
467 2385 495 2420 ut
507 2374 638 2422 eonsilium
651 2374 760 2421 auctoris
769 2389 825 2420 cnm
837 2387 868 2418 ex
879 2369 982 2433 singulis
992 2368 1067 2428 locis,
1081 2368 1125 2415 ubi
1135 2368 1228 2433 passim

146 2455 240 2518 ipsein
255 2457 358 2503 transitu
374 2457 405 2503 ad
422 2456 484 2503 illud
499 2474 524 2504 se
538 2467 650 2516 revocat,
670 2465 722 2503 tum
737 2472 768 2501 ex
783 2454 866 2518 operis
882 2454 960 2517 ipsius
977 2453 1055 2500 forma
1069 2451 1164 2514 assequi
1180 2467 1228 2498 nos

145 2546 264 2599 oporteat.
276 2539 391 2585 Aetatem
405 2540 471 2585 enim
485 2540 539 2603 (11,
554 2537 602 2601 86)
614 2547 686 2601 atque
697 2537 798 2584 recisam
811 2536 862 2603 (ll,
877 2535 925 2601 89)
936 2546 1006 2584 vocat
1019 2551 1082 2599 opus
1095 2550 1167 2582 suum
1178 2532 1230 2581 htsss

145 2620 267 2680 roncum
280 2621 408 2686 promissae
425 2622 549 2669 brevitatis
566 2621 618 2678 fide
633 2620 776 2669 admonitus
792 2621 847 2686 (ll,
864 2621 913 2685 55)
930 2621 994 2668 intra
1008 2619 1070 2667 lines
1087 2618 1229 2682 propositos

145 2718 197 2751 sese
210 2704 299 2767 recipit
307 2721 314 2763 3
320 2703 488 2769 festinatione
498 2722 558 2765 sera,
574 2720 628 2768 quse
642 2705 786 2768 scriptorem
800 2704 929 2768 praecisum
941 2720 1004 2769 opus
1014 2702 1188 2766 suscipientem
1202 2701 1230 2747 in

145 2787 219 2834 rebus
239 2789 358 2837 memoria
376 2789 528 2854 dignissimis
547 2790 680 2837 consistere
696 2797 720 2835 et
735 2787 826 2834 morari
841 2804 892 2835 non
906 2788 1012 2851 patitur,
1031 2794 1143 2842 excusat,
1160 2784 1230 2847 quod

146 2886 185 2940 req
199 2887 245 2934 pro
262 2887 347 2919 earnm
361 2872 532 2937 magnitudine
549 2872 616 2919 baud
632 2871 706 2935 digne
722 2881 896 2934 persequatur3
915 2870 965 2918 vid.
986 2873 1027 2928 11,
1046 2885 1094 2932 aq,
1112 2870 1161 2928 ia,
1180 2869 1230 2927 86,

146 2971 195 3018 99,
211 2964 268 3012 rat.
283 2958 353 3004 Hanc
366 2954 445 3003 artati
457 2955 551 3020 operis,
569 2955 637 3018 quod
649 2956 697 3002 sibi
711 2964 888 3019 proposuerat,
904 2947 1081 3018 senformam',
1097 2969 1141 3000 seu
1154 2967 1231 3016 regu·

145 3041 210 3100 lam,
227 3056 271 3087 seu
282 3039 383 3087 modum
399 3040 445 3105 (ita
456 3040 523 3087 enim
535 3037 626 3102 variat)
642 3037 686 3085 ubi
700 3038 738 3084 vel
753 3038 932 3102 digrediendo,
946 3038 985 3085 vel
999 3037 1093 3084 diutius
1106 3034 1230 3083 morando

146 3121 287 3186 egreditur3
307 3124 402 3172 violata
421 3123 546 3170 brevitatis
559 3121 686 3185 promissae
704 3122 798 3168 crimen
815 3121 926 3179 evitans,
946 3131 987 3168 aut
1001 3136 1084 3167 rerum
1093 3155 1101 3179 ,
1121 3117 1152 3165 ad
1169 3133 1231 3181 quas

146 3209 272 3267 excurrit,
288 3208 403 3272 gravitate
420 3217 444 3254 et
458 3203 560 3254 utilitate
577 3206 618 3270 (1,
636 3208 681 3263 163
694 3207 734 3264 11,
751 3203 814 3268 38),
828 3216 869 3252 aut
884 3221 1045 3270 personarum
1060 3202 1230 3267 magnitudine

145 3287 201 3352 (Π,
220 3287 279 3352 tr),
297 3300 339 3337 ant
355 3291 430 3338 animi
446 3290 553 3356 graviter
571 3289 690 3337 commoti
706 3289 800 3353 impetu
816 3289 872 3353 (11,
888 3286 952 3350 66),
968 3303 1073 3353 purgare
1087 3302 1113 3333 se
1128 3301 1142 3332 a
1157 3285 1230 3349 culpa

145 3382 257 3420 conatur.
269 3372 299 3419 Id
310 3390 369 3422 vero
380 3374 510 3421 eonsilium
522 3382 558 3419 tot
569 3383 695 3435 tantasque
708 3388 745 3419 res
757 3382 780 3419 et
791 3388 803 3418 a
813 3371 924 3420 barbaris
935 3383 958 3418 et
968 3388 983 3419 a
994 3371 1112 3419 Romanis
1120 3369 1152 3416 ad
1160 3384 1231 3415 suam

149 3472 227 3519 usqne
241 3457 386 3506 memoriam
401 3468 479 3521 gestas
492 3455 601 3504 breviter
614 3456 802 3520 constringendi
816 3456 926 3503 Velleius
942 3457 1048 3520 pariter,
1066 3470 1094 3501 ac
1108 3452 1233 3516 Sulpicius

146 3539 265 3600 Severus,
278 3550 364 3588 auctor
378 3540 541 3600 christianus,
555 3555 630 3603 quem
649 3539 717 3587 facile
731 3539 834 3602 quisque
849 3539 935 3587 Nostri
947 3555 1000 3586 nou
1014 3537 1093 3585 solum
1107 3538 1135 3584 in
1148 3536 1234 3599 operis

146 3622 240 3681 forma,
256 3623 299 3670 sed
314 3623 341 3671 in
351 3623 473 3671 librorum
487 3638 586 3686 quoque
598 3620 717 3682 numero,
731 3623 897 3670 aemulatorem
910 3623 1035 3686 agnoscit,
1050 3621 1078 3668 in
1092 3619 1236 3684 prefatione

149 3704 278 3769 deperdita
291 3704 359 3753 baud
373 3705 448 3753 dubie
464 3705 603 3769 proposuit.
616 3705 669 3752 Nec
681 3723 695 3753 a
709 3722 768 3753 vero
784 3722 887 3771 prorsus
901 3706 1034 3754 abhorrere
1048 3705 1160 3762 videtur,
1174 3702 1235 3750 Vel-

148 3788 240 3848 leium,
259 3798 286 3836 ut
301 3789 436 3851 Sulpicium
454 3788 586 3849 eumdem,
601 3789 698 3847 multis,
713 3791 757 3852 qui
772 3806 810 3836 res
825 3789 854 3836 in
869 3788 929 3838 orbe
945 3798 1064 3835 terrarum
1076 3797 1154 3850 gestas
1165 3801 1236 3832 corn·

147 3871 267 3935 pendiosa
279 3871 384 3920 lectione
394 3888 541 3935 cognoscere
551 3883 725 3936 properarent,
737 3871 938 3936 efflagitantibus,
950 3870 997 3935 ipsi
1007 3869 1108 3917 Vinicio
1120 3867 1235 3927 forsitan,

150 3955 245 4003 auctori
259 3956 417 4018 gravissimo,
432 3955 592 4016 obsecutum,
610 3967 674 4003 certe
688 3955 770 4002 seculo
784 3971 843 4012 suo,
857 3954 959 4003 mollitie
973 3963 997 4000 et
1012 3950 1119 4011 laboris,
1134 3965 1147 3996 e
1161 3949 1235 3997 eolu-

150 4037 254 4086 ruInosis
265 4039 376 4102 priorum
386 4038 560 4089 historicorum
575 4039 693 4102 operibus
704 4055 785 4087 rernm
798 4049 918 4104 gestarum
928 4037 1072 4086 memoriam
1087 4035 1234 4093 hauriendi,
