2670 4836
273 318 338 381 DE
360 316 398 380 C.
421 313 634 380 VELLEIO
657 315 957 383 PATERCULO.
1078 325 1154 405 xxiij

80 451 124 498 per
133 432 240 480 consulis
248 430 342 479 Vinicii
352 430 462 478 favorem
470 428 503 478 ad
511 431 606 493 Seiani,
617 431 719 480 forsitan
728 430 772 481 abs
783 448 808 479 se
818 431 930 492 alienati,
939 433 1056 497 gratiam,
1066 447 1157 498 quanta

79 528 157 582 potest
169 527 235 576 arte,
247 515 388 579 grassantis.

112 602 173 649 Ideo
189 617 232 648 sua
250 613 410 662 quotcumque
426 598 513 647 merita
528 597 666 662 seriemque
679 598 804 646 bonorum
820 615 921 647 snorum
939 600 1069 666 diligenter
1085 620 1156 653 exse·

79 687 166 748 quitur.
176 685 351 732 commoratur
364 683 392 730 in
406 682 436 729 iis
447 681 596 746 praesertim,
611 697 665 744 quae
679 683 800 742 majorum
813 698 930 745 suamque
943 681 1018 731 fidem
1029 700 1156 737 commen·

79 771 134 818 tlrre
146 780 257 835 possunt
270 771 360 816 Parum
373 768 443 815 abest
456 767 518 832 quin
532 765 632 814 credam
646 781 702 812 eum
716 775 772 830 post
786 782 855 814 suam
868 767 904 832 (si
918 767 994 816 modo
1005 769 1083 832 ipsius
1096 769 1157 834 suit)

79 856 104 901 iu
121 853 269 901 Macedonia
289 868 357 901 anno
374 850 549 899 nccumv
568 848 695 908 militiam,
712 847 819 910 aliquam
832 848 866 897 ob
884 850 1049 914 suspicionem
1061 853 1157 901 Tiberii

78 941 152 1004 gratia
167 939 298 987 excidisse.
315 938 379 987 Inde
395 938 463 986 nulls
480 937 511 984 de
528 935 578 983 hoc
595 944 636 981 ant
650 932 808 997 sequentibus
827 935 881 981 vitae
894 951 943 983 snae
956 936 1028 984 annis
1041 938 1143 987 mentio.

111 1025 228 1071 Praeterea
236 1020 553 1088 FonteiusCapito,Nostri
561 1028 588 1065 ut
596 1017 693 1066 videtur
699 1017 952 1079 consobrinus,snuo
959 1019 1156 1071 nocuum

78 1123 120 1170 per
129 1107 232 1155 Vibium
243 1109 364 1157 Serenum
372 1117 513 1166 accusatus,
524 1104 636 1168 quamvis
647 1102 706 1150 falso
716 1103 820 1170 crimine
830 1102 956 1153 absolutus
967 1104 1064 1166 fuisset,
1075 1117 1158 1158 tamen

77 1191 121 1238 sub
140 1191 242 1254 obliqua
262 1192 382 1256 principis
399 1191 494 1238 invidia
513 1198 677 1249 remanserat,
697 1188 765 1253 quod
781 1190 879 1238 Tacitus
897 1189 938 1238 bis
957 1190 1041 1240 verbis
1057 1192 1156 1254 innuit,

81 1273 166 1321 lunai
181 1277 231 1335 IV,
247 1275 296 1324 ³6:
315 1298 328 1317 ι
337 1276 424 1338 Neque
439 1286 520 1322 tamen
534 1272 562 1320 id
576 1273 668 1321 Sereno
684 1287 757 1319 noxsr
771 1271 823 1321 init.
832 1294 845 1313 u
861 1272 932 1321 Nihil
947 1273 1015 1334 scio,
1027 1290 1107 1338 neque
1121 1277 1156 1323 at-

79 1355 164 1416 irmo3
178 1359 200 1406 si
211 1370 308 1416 nmen,
323 1369 350 1406 nt
360 1358 475 1421 equidem
485 1374 556 1418 reor,
569 1357 647 1425 esuho¹
654 1358 865 1423 consanguinitate
873 1359 953 1419 juncti
964 1369 1048 1419 erant,
1060 1361 1156 1425 frigoris

79 1442 146 1488 istius
159 1441 241 1506 aliqua
255 1458 312 1507 pars
325 1442 393 1490 facile
406 1443 434 1490 in
446 1442 568 1491 Velleinm
580 1442 664 1506 ipsum
677 1440 820 1489 manaverit.

111 1526 188 1574 Nullo
207 1526 285 1574 modo
303 1525 344 1574 bis
361 1525 508 1587 conjecturis
525 1526 683 1586 insisterem,
703 1525 753 1572 nisi
768 1537 793 1572 et
811 1524 872 1572 illud
890 1525 921 1574 de
938 1526 1068 1591 postremis
1086 1529 1158 1577 annis

79 1609 215 1668 silentium,
234 1619 259 1657 et
277 1609 353 1657 scedas
371 1626 417 1657 nec
436 1610 537 1658 homine
558 1611 674 1674 pretorio
694 1610 780 1675 dignas
802 1609 828 1656 iu
850 1610 977 1659 Tiberium
994 1612 1157 1676 Sejsnnmqus

79 1693 243 1753 adulationes,
253 1705 278 1740 et
287 1695 366 1757 ipsam
375 1692 496 1741 Velleiaui
510 1694 593 1758 operis
605 1695 740 1755 raritatem,
754 1694 823 1742 aliter
835 1709 909 1758 qnsm
920 1692 975 1742 lieri
988 1695 1063 1754 solet,
1078 1696 1157 1760 expli·

78 1794 129 1825 care
140 1777 295 1825 viderentur.
306 1778 427 1825 Velleium
439 1778 506 1826 enim
517 1789 574 1842 post
583 1778 665 1839 Seiani
676 1779 774 1828 ruinam
784 1795 858 1842 qnam
869 1777 975 1843 plurima
984 1780 1066 1843 potuit
1076 1779 1158 1843 operis

77 1863 113 1909 sui
124 1862 275 1925 exemplaria
284 1861 315 1909 de
326 1862 409 1909 medio
421 1863 546 1910 sustulisse
557 1862 675 1910 credibile
686 1874 737 1911 est:
748 1873 818 1926 post,
830 1863 881 1910 sive
891 1862 1002 1927 pudore,
1013 1864 1064 1911 sive
1074 1864 1157 1926 potius

79 1945 164 1992 timore
179 1960 225 2008 per
240 1944 359 2007 reliquam
372 1955 466 1992 aetatem
479 1944 586 1993 obscuro
599 1946 628 2006 in
640 1947 692 1995 otio
706 1946 838 1995 delituisse.

109 2027 136 2074 Si
144 2027 197 2074 bare
209 2027 394 2091 qualiscumque
407 2044 460 2074 non
469 2029 573 2076 omniuo
584 2029 636 2077 visa
645 2029 738 2077 fuerint
748 2029 843 2078 veritati
854 2029 948 2090 aliena,
960 2029 1029 2078 facile
1039 2027 1157 2094 patebunt

76 2124 165 2159 osma
181 2127 227 2157 cur
247 2109 280 2158 sd
300 2111 427 2163 Vinicium
445 2111 572 2160 consulem
591 2111 670 2159 libros
687 2127 745 2160 suos
765 2112 873 2171 miserit;
894 2113 982 2176 gratias
1001 2112 1064 2160 mibi
1082 2112 1158 2160 lectos·

78 2195 178 2243 babebit
188 2196 243 2258 ipsa
253 2195 354 2242 lirausii
365 2195 439 2242 verba
453 2197 583 2244 referenti:
595 2218 608 2238 ι
617 2195 727 2243 Primum
736 2194 851 2241 Vinicius
861 2193 962 2242 forsitan
972 2205 1057 2242 auctor
1065 2195 1158 2243 Nostro

77 2279 121 2326 tuis
132 2278 321 2326 conscribenda
336 2278 459 2340 historin,
472 2279 500 2327 in
514 2278 690 2342 compendium
703 2276 814 2325 redactae.
828 2277 925 2324 Deinde
938 2277 1031 2324 Vinicii
1044 2278 1071 2324 in
1083 2277 1158 2339 grstia

77 2379 163 2428 magna
179 2373 252 2411 erant
274 2361 340 2426 apud
359 2363 497 2427 Angustum
515 2374 539 2410 et
551 2361 696 2422 Tiberium
713 2361 830 2426 inprimis
843 2359 938 2422 verois
953 2361 996 2424 qui
1013 2362 1099 2410 consul
1112 2362 1159 2410 suit

77 2462 140 2495 anno
157 2445 358 2495 mamm
360 2479 439 2495 ......
457 2446 526 2495 Avus
545 2445 612 2492 enim
629 2443 704 2505 hujus
723 2444 816 2492 Vinicii
832 2444 931 2492 Marcus
947 2443 1033 2492 consul
1051 2459 1072 2495 a.
1089 2445 1121 2493 U.
1136 2461 1157 2493 c.

77 2532 241 2582 noexxxv
256 2531 333 2596 (Vell.
344 2534 385 2591 11,
398 2533 447 2594 96,
459 2530 473 2595 ς
484 2528 516 2594 a)
530 2539 595 2578 tante
609 2529 698 2577 virtute
711 2540 736 2577 et
748 2527 799 2583 fide
812 2528 921 2589 valebat,
936 2531 1025 2591 utiam
1037 2546 1113 2580 senex
1127 2529 1158 2578 ab

78 2617 188 2679 Augusto
199 2615 232 2662 ad
241 2614 334 2662 bellum
342 2615 509 2679 germanicum
519 2613 721 2672 sustentandum,
735 2612 815 2661 donec
826 2612 941 2662 Tiberius
951 2629 1017 2661 anno
1028 2613 1158 2663 mestit

79 2700 214 2747 mitteremr
232 2699 261 2746 in
274 2698 411 2759 auxilinm,
429 2698 596 2747 adhiberetur.
611 2698 677 2746 Vide
695 2697 758 2746 Vell
776 2699 818 2757 11,
833 2707 899 2759 rol„
920 2697 936 2762 S
955 2714 978 2746 a.
999 2699 1070 2745 Pater
1085 2698 1159 2746 etism

78 2783 103 2830 Ρ.
113 2784 226 2831 Vinicius
239 2799 291 2848 quo
302 2784 402 2831 consule
415 2799 480 2831 anno
491 2783 595 2833 DCCLV
607 2781 722 2831 'liberius
732 2797 745 2830 e
757 2798 853 2831 secessu
863 2781 992 2831 rhodiensi
1002 2784 1107 2830 Romam
1117 2799 1157 2832 re·

79 2881 160 2914 versus
174 2875 212 2914 est
226 2865 351 2931 (ibidem,
366 2883 419 2931 cap.
440 2867 505 2926 103,
520 2865 535 2932 §
553 2864 581 2930 1)
595 2865 668 2913 etiam
682 2865 713 2914 ab
731 2866 844 2931 Angusto
862 2864 896 2913 ad
913 2865 1048 2914 ministeria
1062 2875 1087 2914 et
1099 2882 1158 2931 pro·

79 2952 170 3000 vincias
183 2950 392 3001 administrandas
409 2951 540 3000 advocatus
559 2960 613 2998 est:
626 2951 689 2999 ibid.
700 2968 752 3015 cap.
767 2966 830 3010 101,
844 2947 860 3015 s
872 2951 896 2998 3.
909 2949 984 2997 Filius
998 2949 1105 3013 denique
1121 2952 1159 3001 Μ.

79 3035 206 3096 Vinicius,
223 3036 293 3095 cnjus
307 3034 460 3087 consulatum
474 3034 582 3083 Velleius
596 3034 709 3091 ornavit,
725 3035 790 3082 iuter
802 3032 991 3098 gratiosissimos
1005 3033 1072 3097 apud
1084 3033 1160 3081 Tibe-

80 3119 140 3167 rium
151 3119 227 3167 fuisse
241 3117 331 3174 debet,
344 3134 421 3180 quum
437 3118 544 3166 triennio
557 3127 614 3184 post
627 3117 781 3165 consulatum
791 3132 916 3181 progener
925 3116 1019 3165 Tiberii
1031 3125 1055 3163 et
1067 3117 1161 3176 conjux

79 3200 163 3260 luliae,
175 3201 245 3264 nepti
257 3200 413 3263 imperatoris
423 3210 447 3247 et
456 3201 597 3248 Germanici
610 3199 666 3249 fitis
678 3200 768 3248 electus
778 3201 816 3247 sit.
827 3199 892 3247 Vide
902 3201 959 3247 Tac.
969 3200 1038 3247 Ann.
1049 3200 1101 3259 Vl,
1116 3202 1147 3249 15
1153 3236 1160 3260 ,

79 3285 121 3345 qui
133 3283 228 3331 ibidem
241 3284 321 3348 gentis
336 3283 474 3348 originem,
487 3284 640 3332 nobilitatem
657 3294 682 3330 et
694 3283 823 3347 ingenium
835 3283 889 3343 ejus
899 3282 934 3329 sic
946 3281 1078 3331 describit:
1094 3284 1160 3333 «Vi-

79 3367 143 3416 nicio
156 3366 312 3432 oppidanum
322 3384 400 3432 genus
414 3384 420 3414 :
439 3366 539 3415 Calibus
551 3377 632 3415 ortum
646 3377 715 3430 patre
732 3377 804 3431 atque
818 3383 864 3414 avo
879 3355 1064 3426 consularibus,
1077 3378 1161 3416 caetera

79 3452 183 3512 equestri
197 3448 286 3496 familis
297 3460 364 3510 erat,
377 3449 443 3496 mitis
455 3449 556 3512 ingenio
567 3459 684 3497 etcomtse
695 3449 821 3497 facundie.
831 3471 843 3491 υ
853 3449 949 3496 Talium
961 3466 1020 3498 vero
1030 3449 1160 3500 bominum

79 3532 142 3593 apud
153 3533 260 3581 &sares
269 3534 432 3599 gratiosorum
443 3532 647 3582 celebrandorum
658 3534 767 3582 Velleius
778 3533 846 3581 baud
857 3534 925 3580 facile
936 3534 1089 3583 occasionem
1102 3548 1161 3597 prae·

80 3617 196 3665 termittit.
206 3620 275 3677 luter
288 3619 335 3667 bos
344 3619 387 3667 bic
396 3620 526 3679 Vinicius,
539 3617 686 3667 ambiendus
697 3618 777 3682 aliqua
789 3618 821 3666 de
834 3636 932 3678 caussa,
947 3618 1075 3668 ornandus
1087 3633 1161 3681 opere

80 3701 160 3750 oblato
180 3714 205 3750 et
222 3703 378 3751 extollendus
394 3704 524 3754 videbatur
538 3704 642 3751 Velleio.
656 3702 703 3750 Sed
722 3712 838 3767 praeterea
856 3703 897 3750 bic
916 3704 1016 3751 fortasse
1034 3699 1161 3749 beneficiis

81 3787 182 3850 acceptis
195 3786 327 3833 obstrictus
336 3797 388 3834 erat
399 3789 466 3851 genti
476 3789 642 3837 Viniciorum.
652 3787 715 3836 Nam
729 3787 775 3834 snb
788 3798 858 3852 patre
870 3787 959 3835 Publio
969 3787 1084 3835 tribunus
1097 3784 1161 3832 mili·

83 3877 131 3916 tum
145 3869 268 3934 stipendia
281 3871 360 3918 facere
373 3871 470 3936 coepit'.
480 3894 492 3913 n

114 4045 120 4068 ¹
134 4039 199 4087 Vixit
208 4041 246 4087 bic
255 4043 362 4090 Vinicius
371 4043 401 4090 ad
410 4043 503 4091 Claudii
513 4044 569 4104 imp.
581 4060 656 4105 usque
665 4056 786 4107 tempori,
800 4046 843 4090 snb
855 4060 904 4103 qno
915 4059 977 4089 anno
987 4042 1132 4091 Dettxm‘tt
1142 4040 1159 4084 l.
