2670 4836
106 304 161 386 viij
502 298 774 366 PRAEFATIO

107 418 240 476 servilem
260 412 377 475 Tiberii*
391 417 582 473 adulationem
604 417 791 474 demitteret?
811 416 917 474 Utrum
936 418 969 474 id
988 418 1085 494 gratiae
1103 438 1176 495 cap-

106 512 201 567 tandae
218 530 312 566 caussa
327 510 445 580 lecerit,
465 528 501 564 an
516 522 595 566 metu
614 511 671 567 diri
690 512 804 586 tyranni
825 510 980 589 subactus?
996 512 1130 570 Heinsius
1144 514 1176 568 in

108 606 226 680 epistola
247 605 283 659 ad
306 606 387 677 Casp.
410 604 576 679 Fagelium,
599 616 627 660 et
648 604 813 660 Perizonius
833 603 928 658 Anim.
952 603 1024 660 Hist.
1049 624 1109 679 cap.
1134 607 1175 674 6,

107 717 137 771 p.
156 717 229 762 aar,
252 696 307 752 sibi
326 708 545 770 persuaserunt,
565 696 708 752 Velleium
725 697 781 752 hoc
802 698 971 770 opusculum
985 715 1045 753 non
1065 697 1120 752 alia
1140 697 1178 753 de

108 807 203 842 caussa
228 787 389 862 scripsisse,
413 787 468 843 nisi
488 799 520 843 ut
539 787 670 859 Tiberii,
696 787 810 860 Sejani,
833 800 861 844 et
882 789 1004 844 aliorum
1023 789 1177 845 hominum

107 879 312 952 primariorum
331 880 452 956 gratiam
472 891 670 953 aucuparetur.
685 881 794 935 Verum
815 879 879 953 quis
899 880 1014 950 credat,
1034 881 1178 953 Velleinm

109 981 166 1026 tam
178 972 295 1027 stultum
309 972 412 1041 fuisse,
428 982 474 1039 ut,
491 991 580 1045 quum
593 971 630 1026 ad
640 969 750 1027 Tiberii
762 970 915 1026 amicitiam
924 990 1059 1047 arrepere
1069 972 1178 1028 eonsti-

108 1062 229 1132 tuisset,
250 1063 280 1118 id
300 1083 359 1118 non
381 1063 593 1138 compendiaria
612 1063 657 1117 via
677 1063 802 1133 laceret,
826 1062 943 1131 libello,
965 1075 999 1118 ut
1019 1064 1074 1119 hoc
1091 1074 1178 1132 utar,

109 1156 146 1213 de
162 1157 247 1211 rebus
262 1157 348 1233 gestis
364 1157 473 1212 Tiberii
488 1155 659 1223 scribendo,
676 1155 726 1210 secl
737 1165 889 1228 antequam
903 1155 940 1211 ad
956 1154 1065 1210 Tiberii
1080 1156 1180 1211 laudes

108 1247 291 1321 perveniret,
312 1267 364 1322 per
383 1249 461 1303 mille
478 1248 609 1323 ambages
627 1245 739 1301 infinita
752 1249 913 1303 seculorum
931 1247 1019 1322 spatia
1035 1266 1177 1322 pervaga-

109 1338 214 1394 retur?
240 1339 329 1394 Addit
351 1341 502 1409 Heinsius,
523 1339 654 1395 eumdem
669 1357 729 1394 non
744 1339 801 1395 alio
817 1340 937 1395 consilio
955 1359 1000 1396 res
1016 1358 1148 1396 romanas
1162 1361 1179 1395 a

109 1431 226 1503 trojano
245 1432 358 1487 excidio
383 1443 410 1487 et
435 1433 584 1488 erroribus
600 1434 713 1501 AEneae,
736 1431 786 1504 qui
805 1430 887 1487 Juliae
904 1432 1062 1487 nobilitatis
1077 1442 1181 1488 auctor

111 1520 227 1589 fnisset,
249 1524 285 1579 ad
307 1535 436 1598 tempora
456 1545 505 1580 sua
525 1525 696 1593 deduxisse,
719 1523 773 1579 nisi
791 1535 824 1579 ut
842 1524 919 1598 apud
938 1524 1105 1594 Tiberium,
1128 1525 1179 1599 qui

111 1614 268 1689 adoptione
280 1617 310 1672 in
322 1629 436 1692 gentem
449 1618 554 1672 Juliam
566 1617 728 1684 transisset,
743 1618 883 1692 gratiosus
894 1615 984 1673 lieret.
997 1617 1055 1673 Sed
1067 1618 1123 1673 hoe
1136 1628 1179 1673 est

111 1703 238 1780 fingere,
256 1727 317 1763 non
333 1709 539 1764 demonstrare.
554 1710 630 1777 Nos,
644 1708 722 1763 unde
734 1707 858 1762 Velleius
872 1707 1022 1763 historiam
1033 1726 1115 1764 orsus
1127 1709 1178 1780 sit,

112 1798 275 1866 nescimus,
299 1799 382 1854 initio
399 1799 484 1873 primi
501 1799 568 1855 libri
583 1801 761 1875 intercepto,
776 1799 870 1873 atqui,
887 1800 911 1854 si
927 1798 1120 1872 Trojanorum
1133 1819 1195 1857 er-·

112 1910 195 1947 rores
209 1893 401 1960 memoravit,
416 1892 448 1947 id
461 1893 527 1948 fecit
538 1914 573 1949 eo
587 1894 722 1964 consilio,
737 1912 796 1967 quo
808 1894 974 1948 Graecorum
989 1912 1103 1949 errores
1116 1895 1182 1949 atti-

112 1983 174 2058 git,
191 1995 224 2040 ut
238 1985 385 2041 civitatum
399 1985 435 2040 ab
451 1985 506 2042 illis
522 1987 703 2043 conditarum
718 1987 877 2061 primordia
892 1986 1109 2043 demonstraret.
1125 1990 1182 2045 Le-

114 2074 182 2129 vior
202 2086 244 2130 est
267 2077 376 2132 Bartbii
396 2078 491 2147 ratio,
514 2097 568 2133 nec
588 2078 694 2153 digna,
718 2096 780 2151 qnae
804 2076 969 2147 refellatur,
993 2078 1039 2133 cui
1059 2078 1181 2136 Advers.

112 2165 186 2233 LX,
199 2165 231 2232 6,
246 2168 370 2222 Velleius
382 2180 494 2224 tantum
505 2189 672 2243 praeconem
690 2169 806 2224 totnani
817 2168 942 2222 nomimis
952 2187 1039 2242 agere
1049 2170 1182 2243 videtur,

114 2268 147 2311 ut
167 2276 200 2312 co
221 2262 283 2314 solo
295 2260 363 2331 fine
382 2264 528 2334 scripsisse
547 2264 644 2317 uideri
655 2263 761 2338 possit.
779 2262 810 2318 Si
832 2262 921 2336 igitur
940 2262 1000 2317 haec
1020 2262 1146 2320 adulatio
1167 2284 1184 2319 a

112 2348 195 2403 nullo
214 2352 312 2423 gratiae
328 2352 456 2425 prolecta
473 2364 514 2409 est
534 2353 676 2428 aucupio,
697 2354 889 2428 relinquitur,
910 2363 943 2408 ut
958 2354 1024 2409 saevi
1042 2366 1070 2411 et
1089 2356 1184 2430 suspi-

115 2457 188 2494 cacis
206 2440 317 2496 domini
333 2454 411 2498 metu
426 2443 463 2498 sit
476 2462 616 2516 expressa.
629 2448 656 2499 Α
671 2463 728 2517 qua
742 2445 907 2500 necessitate
921 2443 1057 2500 adulandi
1073 2466 1185 2504 caussas

115 2532 230 2585 Tacitus
249 2532 334 2587 etiam
351 2535 454 2606 repetit
470 2537 545 2589 Anu.
566 2537 596 2603 l,
616 2555 648 2604 1,
666 2535 741 2591 sorte
755 2535 895 2591 Velleium
913 2537 1085 2610 respiciens:
1104 2539 1184 2592 «Τί-

114 2623 209 2693 berii,
228 2624 362 2698 Caiique,
383 2637 412 2681 et
429 2626 561 2695 Claudii,
581 2645 612 2681 ac
634 2627 757 2682 Neronis
775 2645 837 2695 res,
853 2626 1023 2684 florentibus
1041 2628 1127 2702 ipsis,
1145 2632 1185 2685 ob

116 2727 224 2772 metum
249 2717 359 2773 salsae.»
383 2719 465 2774 Dicat
488 2719 589 2794 aliquis
610 2738 675 2775 cum
697 2719 794 2793 lipsio
816 2719 905 2794 Epist.
928 2722 1033 2789 Quaest.
1056 2722 1098 2787 V,
1125 2741 1184 2777 11:

117 2830 130 2855 c
142 2810 219 2862 Vera
234 2809 358 2866 scribere
371 2811 395 2866 si
408 2829 467 2865 non
478 2810 576 2881 licuit,
595 2811 663 2866 salsa
679 2831 740 2867 non
753 2812 870 2882 debuit3
890 2831 974 2868 nemo
987 2812 1092 2868 silentii
1107 2832 1186 2869 caus-

116 2919 175 2955 sam
194 2901 326 2956 reddit.»
349 2905 389 2957 At
408 2903 448 2957 sic
469 2904 581 2958 Velleio
600 2904 632 2958 in
651 2905 713 2960 otio
732 2903 905 2960 inertissimo
926 2904 1186 2960 consenescendum

117 2991 233 3061 fuissct;
259 2993 349 3065 qualis
370 2994 430 3049 vita
450 2996 560 3070 magnis
580 3006 609 3052 et
628 2997 726 3073 gloriae
748 2997 903 3070 cupiditate
924 2997 1044 3052 incensis
1065 2996 1187 3071 ingeniis

119 3103 198 3139 mors
222 3095 278 3154 cst,
301 3103 394 3156 neque
412 3085 532 3141 historia
550 3106 666 3143 romana
682 3087 855 3163 attingenda.
877 3089 912 3141 Et
927 3087 990 3160 quis
1009 3099 1065 3141 tarn
1083 3089 1188 3161 hospes

117 3186 159 3231 est
173 3177 203 3230 in
218 3179 360 3232 Caesarum
372 3177 505 3247 historia,
522 3180 593 3253 quin
604 3181 687 3252 sciat,
703 3181 796 3255 ipsum
810 3179 954 3236 silentium
966 3178 1066 3252 probis
1081 3181 1188 3237 doctis-

119 3287 175 3342 que
187 3268 257 3323 viris
271 3269 384 3323 crimini
400 3269 506 3324 luisse?
523 3273 590 3326 Haec
608 3283 665 3325 tarn
682 3273 785 3327 misera
798 3271 970 3344 scriptorum
988 3272 1042 3326 sub
1058 3275 1189 3347 tyrannis

118 3359 247 3417 conditio
261 3358 347 3430 lacit,
364 3370 396 3414 ut
408 3360 432 3416 si
448 3362 542 3417 minus
557 3361 767 3430 excusandum,
785 3372 862 3416 certe
876 3360 967 3415 lenius
983 3362 1189 3434 accusandum,

117 3453 258 3510 Velleium
273 3454 414 3525 arbitrer,
434 3457 590 3529 praesertim
607 3476 696 3531 qnnm
712 3454 838 3528 ejusdem
853 3453 942 3529 culpae
959 3456 1052 3510 socios
1065 3455 1190 3526 habeat,

116 3564 153 3600 nc
179 3546 214 3601 de
236 3547 328 3619 poetis
352 3545 463 3617 dicam,
487 3548 633 3603 Valerium
657 3548 833 3616 Maximum,
856 3548 1010 3616 Senecam,
1035 3547 1188 3609 Curtium.

116 3650 273 3712 utrumque
293 3639 437 3709 Plinium,
459 3641 688 3708 Quintilianum,
710 3649 739 3694 et
756 3639 835 3692 alios.
858 3640 953 3710 Atque
974 3639 1047 3692 hanc
1068 3651 1187 3695 senten-

117 3731 201 3797 tiam,
214 3733 365 3802 praeterii.
378 3732 536 3787 Bentleium
549 3732 586 3786 ad
599 3734 704 3787 Lucan.
719 3732 749 3798 l,
762 3729 816 3798 33,
830 3731 986 3786 maturiore
998 3741 1079 3785 aetate
1092 3732 1188 3801 idem,

118 3822 168 3898 qui
181 3822 295 3894 juvenis
309 3825 361 3878 alia
379 3824 472 3880 omnia
491 3836 633 3895 senserat,
655 3823 820 3879 Perizonius
840 3822 870 3878 in
888 3824 989 3879 Curtio
1006 3824 1085 3879 vind.
1103 3845 1131 3898 p.
1151 3822 1188 3894 5,

118 3916 262 3989 probavit.
286 3917 341 3971 atii
361 3918 415 3973 alia
433 3918 462 3972 in
481 3918 590 3973 Velleio
607 3917 842 3990 reprehendunt,
862 3916 970 3988 majore
991 3936 1056 3972 cum
1079 3916 1189 3990 iniqui-

119 4019 184 4066 tate.
201 4009 288 4068 Mitto
306 4011 414 4067 Aldum
432 4013 590 4086 Nepotem,
615 4008 762 4066 hominem
782 4011 862 4065 nullo
883 4011 912 4063 in
933 4010 976 4066 bis
996 4009 1086 4065 literis
1101 4028 1191 4069 sensu
