2670 4836
437 331 542 396 DAV.
566 327 873 394 RUHNKENII.
1169 351 1190 389 v

127 444 234 515 latinae,
249 443 337 499 Paris.
356 443 443 514 1538,
458 446 508 502 lol.
523 447 604 520 cujus
620 445 689 501 item
701 444 780 498 nulla
795 442 869 498 ratio
886 439 983 496 habita
997 452 1039 497 est
1053 440 1088 496 ab
1103 440 1192 498 inter-

126 538 252 611 pretibus
267 537 380 593 Velleii.
397 540 508 594 Horum
525 539 703 612 conjecturas
719 536 872 611 diligenter
889 534 1191 603 commemoravimus,

126 629 195 684 sicut
214 630 264 685 alii
284 640 351 685 aute
370 648 424 685 uos
445 631 570 686 fecerant
591 631 622 685 in
642 630 846 684 Bonhommaeo
867 639 895 683 et
917 628 1069 702 Gryphio,
1092 628 1142 701 qui
1163 638 1193 683 et

125 718 176 792 ipsi
189 721 326 775 nonnihil
338 720 370 776 in
380 721 490 778 Velleio
504 732 658 777 noverunt.
672 720 730 778 Sed
746 720 776 775 hi
787 738 886 775 omnes
901 719 1024 793 priscam
1039 719 1194 775 lectionem

126 829 207 883 parce
231 822 262 866 et
282 812 412 868 modeste
432 823 587 868 tentarunt.
608 816 681 868 Mox
700 822 818 867 exortus
838 821 898 878 est,
922 811 973 884 qui
992 821 1086 867 totae
1108 810 1195 868 tantis

125 902 221 975 primae
232 903 369 959 editionis
383 906 498 960 salebris
512 905 653 973 offensus,
668 904 773 979 insigni
787 904 964 977 temeritate,
980 922 1072 977 prope
1086 923 1194 959 novum

124 1007 176 1052 eta
190 999 381 1054 Rhenaniano
398 999 542 1054 diversum
558 999 697 1055 Velleium
709 998 913 1072 protruderet,
934 1017 965 1052 ac
983 998 1056 1053 nihil
1067 1010 1195 1054 moratus

126 1100 268 1163 corruptae
286 1089 417 1145 lectionis
431 1090 569 1165 vestigia,
586 1091 634 1157 id,
652 1090 732 1163 quod
748 1091 784 1146 ab
797 1091 930 1146 omnibus
946 1090 1068 1165 intelligi
1083 1102 1195 1165 posset,

126 1178 251 1235 &ndum
272 1181 456 1236 existimaret.
479 1183 549 1248 Quae
571 1180 674 1236 Velleii
695 1181 784 1237 editio
801 1181 927 1253 subjecta
946 1193 988 1236 est
1007 1181 1195 1256 scriptoribus

126 1270 256 1327 llistoriae
275 1277 426 1347 Augustae,
447 1282 513 1327 ante
531 1273 643 1328 Erasini
659 1293 727 1328 cura
743 1274 846 1344 editis,
864 1287 893 1330 et
909 1294 977 1329 mox
994 1276 1121 1348 repetitis
1139 1278 1195 1330 Ba-

126 1362 214 1434 sileae,
236 1363 316 1439 apud
335 1365 528 1434 Frobenium,
550 1385 574 1420 a.
600 1366 692 1435 1546,
713 1366 762 1420 lol.
783 1384 843 1421 non
863 1385 889 1420 a.
913 1369 1002 1435 1542,
1026 1366 1122 1421 uthis
1143 1385 1196 1439 per

127 1473 250 1510 errorem
266 1455 366 1511 scribit
378 1458 413 1510 G.
425 1456 542 1511 Vossius
553 1457 590 1512 ad
601 1459 674 1514 Vell.
688 1459 717 1512 ΙΙ
728 1499 736 1527 ,
751 1458 767 1513 3
782 1469 811 1513 et
823 1455 876 1527 75,
892 1459 1056 1514 Burmanno
1070 1478 1195 1515 caussam

127 1549 253 1620 prebens
273 1548 425 1619 editionis,
448 1568 511 1623 quae
535 1551 614 1605 nulla
633 1561 723 1618 esset,
747 1549 916 1624 quaerendae.
937 1551 1050 1605 Titulus
1065 1552 1111 1606 hic
1128 1561 1192 1606 est:

129 1661 138 1681 ν
150 1639 220 1693 Vitae
233 1639 395 1708 Caesarum,
411 1659 533 1713 quarum
546 1641 700 1714 scriptores
713 1641 760 1711 hi,
780 1642 812 1696 C.
826 1639 980 1696 Suetonius
993 1641 1194 1715 Tranquillus,

127 1729 214 1784 AElius
240 1730 433 1802 Spartianus,
459 1742 514 1786 etc.
539 1730 748 1786 Annotationes
770 1732 806 1785 D.
832 1730 941 1784 Erasini
970 1732 1037 1786 Rot.
1063 1742 1092 1786 et
1114 1732 1193 1804 Bapt.

127 1821 237 1896 Egnatii
253 1821 285 1876 in
299 1821 373 1876 vitas
392 1823 461 1878 Caes.
481 1827 670 1879 Accesserunt
684 1823 715 1877 in
733 1823 785 1876 hac
798 1821 926 1876 editione
940 1822 1041 1877 Velleli
1055 1823 1196 1877 Paterculi

128 1913 192 1968 libri
209 1917 259 1983 ll,
282 1914 318 1968 ab
339 1914 498 1970 innumeris
521 1915 617 1971 denuo
637 1914 781 1971 vendicari
804 1914 961 1970 erroribus.
985 1915 1097 1970 Basileae
1117 1916 1195 1989 apud

128 2005 247 2061 Froben.
269 2004 379 2073 1546.»
402 2007 495 2075 Quem
514 2007 629 2062 titulum
644 2025 696 2081 per
713 2005 923 2062 festinationem
938 2007 1063 2081 legentes
1078 2007 1195 2062 Vossius

127 2107 153 2150 et
169 2098 371 2167 Burmannus,
390 2098 471 2171 quod
490 2097 526 2153 de
544 2098 732 2172 scriptoribus
751 2098 787 2151 Η.
807 2101 842 2152 Α.
861 2097 897 2150 ab
915 2098 1034 2153 Erasmo
1054 2098 1195 2173 castigatis

128 2186 245 2257 dicitur,
260 2188 346 2244 etiam
357 2189 395 2244 ad
406 2189 562 2259 Velleium,
580 2191 631 2263 qui
645 2199 711 2263 post
722 2189 852 2258 accessit,
869 2199 1026 2244 traxerunt.
1039 2191 1195 2246 Enimvero

128 2278 275 2334 Erasmum
290 2279 405 2354 ignoret
420 2291 554 2354 oportet,
573 2280 624 2354 qui
639 2281 722 2334 talem
739 2279 766 2334 ei
780 2278 974 2335 recensionem
989 2280 1105 2335 tribuat.
1121 2281 1194 2348 Quis

130 2370 200 2425 enim
220 2369 317 2426 miuus
333 2370 514 2443 conjectandi
532 2370 647 2426 libidini
662 2369 802 2439 indulsit,
824 2381 874 2424 aut
889 2370 952 2445 quis
970 2369 1087 2443 antiqua
1099 2372 1196 2427 moui-

129 2477 220 2522 ncnta
237 2466 370 2521 tractarit
382 2466 564 2542 religiosius?
582 2468 724 2523 Puteanus
736 2466 773 2522 ad
787 2467 833 2537 11,
852 2464 887 2522 25
900 2507 909 2535 ,
923 2466 1000 2522 inter
1011 2467 1114 2523 velleii
1128 2488 1195 2525 cor-

130 2571 259 2633 ruptores
275 2560 405 2616 nominat
417 2560 574 2616 Heleanum
593 2560 764 2634 quemdam,
783 2544 855 2614 mihi
871 2557 1071 2635 incognitum:
1092 2561 1195 2635 «quod

130 2649 295 2724 depravavit
310 2654 470 2721 Heleanus,
488 2653 548 2708 sive
567 2653 695 2727 quisquis
710 2653 781 2708 alius
796 2652 1005 2726 posterioribus
1020 2652 1196 2709 editionibus

130 2760 242 2801 manum
262 2745 424 2800 admovit·
445 2744 504 2801 Sed
517 2745 682 2819 quicunque
700 2745 851 2801 Basileensi
872 2743 914 2799 illi
930 2744 1051 2800 editioni
1063 2745 1194 2818 praefuit,
1225 2732 1229 2745 ’

129 2835 239 2893 fatearis
253 2855 367 2893 necesse
381 2847 441 2907 est,
459 2849 574 2893 acutum
587 2848 616 2893 et
628 2838 800 2912 perdoctmn
813 2837 960 2893 hominem
973 2835 1077 2903 fuisse,
1094 2837 1125 2891 in
1136 2856 1195 2910 quo

130 2930 217 3001 nihil,
240 2931 296 2986 nisi
318 2931 503 2998 effrenatam,
527 2931 562 2986 de
583 2951 639 3003 qua
662 2932 805 2998 diximus,
829 2930 975 2986 audaciam
994 2931 1195 3004 reprehendas.

132 3021 226 3088 Quum
240 3022 331 3097 igitur
346 3022 406 3076 haec
423 3021 531 3087 editio,
555 3022 578 3077 si
599 3022 693 3076 minus
710 3021 813 3076 Velleii
829 3039 964 3088 manum,
981 3031 1010 3074 at
1027 3031 1103 3076 certe
1117 3023 1198 3094 quod

130 3113 249 3189 intelligi
260 3125 375 3187 posset,
393 3114 558 3181 exhiberet,
574 3112 637 3185 quis
654 3112 792 3181 miretur,
809 3131 870 3167 eam
883 3133 899 3166 a
913 3111 1004 3167 doctis
1018 3112 1199 3187 indoctisque

132 3206 231 3278 cupide
245 3215 390 3278 arreptam
408 3223 486 3273 esse,
508 3203 721 3259 Rhenanianam
738 3214 848 3272 autem,
871 3214 915 3258 tot
931 3203 1074 3258 ulceribus
1087 3216 1199 3261 scaten-

132 3305 205 3365 tem,
230 3312 349 3369 prorsus
369 3294 549 3369 neglectam?
569 3296 681 3361 Immo,
704 3295 784 3367 quod
802 3293 891 3369 magis
906 3293 1028 3364 mirere,
1050 3306 1200 3369 sequentes

130 3388 230 3443 velleii
251 3387 398 3454 editores,
427 3387 511 3442 etiam
533 3386 584 3461 qui
612 3386 704 3441 critici
726 3386 784 3441 dici
803 3385 959 3458 haberique
980 3388 1105 3457 vellent,
1126 3390 1201 3446 hanc

131 3477 319 3535 adulterinam
335 3498 394 3552 prae
409 3478 518 3534 sincera
532 3477 663 3533 Rheuani
675 3487 883 3550 expresserunt.
894 3479 986 3533 Jactat
997 3479 1115 3552 quidem
1127 3482 1202 3536 Bur·

132 3590 268 3643 munus,
285 3592 314 3628 se
326 3572 469 3628 Velleium
484 3571 521 3626 ad
534 3573 654 3645 primam
670 3569 801 3625 Rhenaui
815 3569 970 3626 editionem
988 3571 1132 3646 exegisse,
1151 3573 1201 3629 sed
1248 3620 1251 3627 .

132 3680 176 3718 res
189 3683 250 3719 non
264 3673 393 3739 apparet.
408 3665 472 3737 lpse
490 3683 606 3737 quoque
622 3662 807 3718 basileensem
827 3661 1079 3736 interpolationem
1096 3665 1201 3737 pleris-

133 3774 186 3830 que
201 3757 273 3814 locis
283 3767 396 3813 secutus
412 3766 472 3825 est,
486 3757 552 3812 satis
569 3756 693 3824 habens,
711 3754 809 3828 primae
823 3755 957 3811 editionis
970 3757 1123 3827 lectiones,
1139 3776 1203 3832 qua·

133 3845 161 3900 in
176 3857 255 3902 textu
270 3847 339 3920 poni
351 3847 513 3917 debebant,
531 3847 561 3902 in
575 3848 650 3903 notis
662 3865 906 3903 commemorasse.
922 3849 987 3915 Quo
1003 3848 1093 3923 magis
1104 3867 1203 3905 neces-

135 3941 237 3997 sarium
258 3942 349 4013 duxi,
370 3960 470 3998 verum
492 3954 521 3998 et
539 3960 704 4019 germanum
726 3940 887 4011 Velleium,
910 3941 1001 4015 qualis
1021 3942 1051 3997 in
1072 3939 1203 3998 Rheuani

136 4030 259 4090 editione
275 4033 405 4110 prodiit,
423 4034 538 4092 tandem
554 4035 706 4110 aliquando
719 4033 864 4091 reducere.
883 4035 1063 4109 Quamquam
1077 4050 1200 4099 vereor,
