2670 4836
402 436 889 643 'ianuario

254 825 560 933 DAVIDIS
599 826 1058 929 RUHNKENII.

521 1131 795 1149 Qmmwwmw

391 1710 587 1822 ‚nouo
629 1708 926 1797 Lucrum

539 1905 794 1973 SALUTEM.

144 2410 254 2558 Quor]
274 2483 291 2518 ι
308 2473 441 2519 veterum
459 2464 634 2538 scriptorum
654 2462 831 2534 editoribus,
852 2462 903 2538 qui
923 2462 1206 2521 criticam'rationern
1290 2502 1305 2512 -

142 2567 310 2632 aequantur,
329 2555 396 2628 jure
414 2557 593 2630 postulatur,
615 2565 649 2610 ut
666 2556 696 2610 in
713 2556 879 2630 praelatione
897 2568 1055 2612 accuratam
1075 2559 1209 2614 codicum

143 2661 169 2705 et
184 2649 365 2717 editionum,
388 2667 509 2721 quarum
526 2649 558 2703 iu
575 2647 730 2704 lectionum
746 2647 857 2720 judicio
874 2648 911 2703 sit
929 2650 1099 2718 auctoritas,
1121 2651 1209 2705 histo-

143 2744 209 2799 n'am
226 2751 404 2810 contexant,
423 2742 455 2796 id
471 2742 555 2797 nobis
571 2742 602 2796 in
618 2761 728 2796 summa
746 2741 869 2796 faciendi
881 2741 1029 2797 voluntate
1045 2743 1137 2798 facere
1150 2763 1211 2798 non

144 2837 212 2893 lieet.
236 2839 290 2892 list
310 2835 389 2889 enirn
409 2854 484 2890 uuus
509 2845 621 2889 tautum
643 2835 727 2907 hujus
749 2834 896 2907 scriptoris
918 2835 1029 2904 codex,
1052 2855 1127 2903 una,
1149 2855 1211 2910 quae

143 2926 339 2983 anctoritatem
362 2926 483 2994 habeat,
507 2925 608 2982 editio.
633 2927 741 2981 Unicus
762 2927 828 2994 ille,
854 2937 882 2981 et
903 2945 939 2980 ne
960 2927 1073 3002 integer
1096 2927 1212 3000 quidem

144 3024 264 3092 ustus,
288 3022 341 3095 qui
362 3020 505 3076 Velleium
527 3021 730 3090 conservavit,
758 3021 811 3074 sub
834 3020 1041 3074 renascentium
1064 3020 1214 3075 literarum

146 3125 275 3188 tenipus,
301 3112 334 3166 iu
358 3113 489 3168 eoeuobio
513 3112 697 3168 murbacensi
720 3122 851 3185 repertus
875 3122 940 3180 est;
966 3131 1001 3167 ex
1024 3130 1082 3185 quo
1105 3131 1215 3169 summa

145 3204 291 3280 diligentia
305 3215 334 3259 et
349 3205 413 3278 pari
426 3203 484 3261 fide
500 3224 553 3279 per
567 3206 685 3261 Beatum
699 3205 888 3272 Rhenanam,
906 3203 1016 3259 felicem
1035 3205 1120 3261 bonis
1135 3207 1216 3262 libris

145 3298 325 3374 proferendis
339 3297 454 3368 virum,
473 3318 606 3374 expressa
625 3298 714 3355 editio
733 3298 843 3372 prodiit
860 3296 973 3352 basileae
989 3298 1067 3370 apud
1082 3301 1127 3354 Jo.
1145 3301 1217 3356 Fro-

145 3390 260 3447 beatum
274 3389 352 3446 1520
367 3390 417 3445 sot.
433 3392 477 3446 Ile
491 3391 590 3447 codice
606 3392 644 3446 ita
656 3391 756 3447 scribit
768 3392 941 3446 Rhenanus:
960 3413 972 3438 a
983 3393 1051 3445 Nou
1062 3392 1128 3448 satis
1141 3403 1217 3462 erat,

147 3493 315 3539 vetustatem
332 3482 516 3538 utilissimum
536 3502 609 3557 opus
629 3484 713 3540 initio
733 3503 785 3539 suo
807 3494 969 3552 tmncasse,
986 3482 1041 3538 nisi
1058 3482 1115 3540 fine
1135 3486 1221 3540 etiam
1288 3519 1290 3522 <

147 3594 199 3632 auo
212 3575 413 3632 mutilaretur:
430 3588 464 3632 nt
479 3577 551 3633 nihil
567 3577 661 3633 dicam
675 3577 711 3634 de
723 3576 819 3645 vitiis,
836 3577 940 3650 quibus
958 3577 988 3631 in
1007 3577 1104 3632 medio
1123 3577 1221 3634 loedis·

148 3668 217 3725 time
232 3668 429 3725 deformatum
445 3680 487 3724 est
489 3711 578 3726 .....
589 3672 673 3726 Meus
686 3669 776 3725 codex
794 3679 823 3724 et
840 3669 940 3723 unicus
957 3678 1034 3738 erat,
1053 3680 1082 3724 et
1099 3670 1237 3726 meudo-'

150 3759 283 3816 tissimtrs.
295 3759 397 3816 Ausim
410 3760 527 3833 jurare,
548 3781 634 3832 eum,
655 3760 706 3836 qui
721 3760 803 3816 illum
821 3759 1026 3835 descripserat,
1044 3780 1082 3818 ne
1100 3760 1223 3818 verbum

152 3854 266 3928 quidem
278 3853 472 3911 intellexisse:
488 3857 561 3913 adeo
578 3855 674 3912 omnia
690 3865 772 3909 eraut
784 3853 900 3909 confusa
912 3855 1020 3930 absque
1033 3855 1099 3911 ullis
1109 3852 1222 3931 punctis

152 3957 200 4001 aut
217 3946 473 4017 distinctionibus,
495 3960 575 4005 etc.»
596 3949 631 4003 In
648 3957 725 4003 tanta
743 3947 831 4022 igitur
845 3948 1018 4007 mendorum
1038 3948 1223 4005 multitudine

154 4059 241 4115 quum
250 4040 333 4098 facile
344 4041 456 4118 aliquid
466 4043 617 4116 Rhenum,
631 4042 761 4120 quamvis
772 4040 802 4095 in
817 4042 990 4100 membranis
1002 4042 1130 4116 legendis
1141 4058 1225 4101 exer-

1053 4171 1084 4208 A.
