2670 4836
157 338 274 415 xxxviij
364 289 368 293 ¹
429 334 962 400 nomanatissimus

160 507 165 515 ¹
192 453 247 499 Jam
261 451 351 508 habes,
366 450 485 498 benevole
499 451 591 510 lector,
604 451 717 516 opusculi
726 451 815 498 Velleii
826 454 927 516 ejusque
938 452 1057 521 virtutum
1068 453 1235 516 vitiorumque

158 534 365 600 descriptionem,
380 551 436 582 nou
445 534 545 598 quidem
559 535 705 599 perfectam,
719 536 894 598 scriptorisque
908 534 1017 585 indolem
1030 537 1087 585 satis
1099 536 1236 601 explanan-

158 630 207 666 tem
222 620 294 684 (nam
308 619 391 667 sensui
405 629 465 678 tuo,
480 618 639 666 familiaritate
653 635 710 667 cnm
724 636 755 667 eo
768 631 909 681 contracta,
926 621 1030 675 multum
1043 621 1236 686 relinquendum

158 700 226 767 est),
244 713 349 751 ettamen
361 703 483 765 judicium
498 714 567 751 tuum
580 703 611 750 de
625 703 718 751 Nostro
733 703 883 766 aliquantum
902 705 1091 754 moderaturam.
1104 704 1199 753 Habuit
1216 707 1237 753 is

158 790 224 837 iuter
236 789 384 838 recentiores
397 788 524 848 eruditos,
536 788 579 852 qui
593 788 632 834 vel
642 788 743 835 virtutes
755 787 793 835 rel
807 788 865 837 vitia
875 790 929 849 ejus
940 788 1011 839 altius
1023 789 1199 853 inspexerunt,
1213 799 1238 835 et

157 871 296 921 laudatores
311 889 384 931 suos,
397 882 421 920 et
435 873 629 937 vituperatorem
642 873 793 937 requioribua
805 882 887 923 tamen
901 884 925 921 et
937 873 1143 939 sapientioribus,
1157 874 1238 937 iisque

106 940 111 950 ¹
158 956 231 1021 louge
245 956 374 1021 pluribus,
392 956 510 1023 probatus
524 966 567 1003 est.
581 959 650 1004 Inter
663 956 853 1005 Pramo-Gallos
867 968 948 1005 autem
964 957 1115 1023 precipuum
1129 956 1238 1007 admira-

160 1050 238 1088 torem
257 1050 280 1088 ct
296 1041 461 1102 felicissimum
475 1042 623 1089 imitatorem
636 1050 723 1090 nactus
735 1050 772 1088 est
788 1040 871 1097 risum
886 1041 1093 1106 elegantissimum
1110 1040 1237 1102 Hdnault,

160 1125 264 1177 lectione
279 1125 368 1175 Velleii
383 1125 549 1185 indefessum,
563 1136 587 1181 et
603 1124 732 1192 opusculi,
749 1124 847 1188 Abre'gb
859 1122 1053 1191 clmologique
1067 1124 1099 1171 de
1114 1123 1239 1172 iliistoire

160 1207 303 1255 delitesce
314 1209 442 1277 inscripti,
462 1218 486 1256 et
504 1208 535 1276 ad
555 1207 694 1272 exemplum
711 1207 800 1263 Velleii
815 1208 971 1267 concinnati,
991 1218 1133 1269 auctorem,
1152 1208 1239 1255 Nostri

161 1309 225 1360 opus
241 1292 387 1341 inimitndile
403 1293 485 1359 operis
500 1291 611 1340 t'tiston'ci
623 1291 725 1354 praeer'si
739 1290 870 1356 exemplar
883 1302 1027 1350 vocantem
1041 1291 1093 1338 rid.
1107 1291 1239 1339 didmoim
1272 1290 1275 1296 ’

161 1373 360 1446 dei'Acnde'mie
372 1377 415 1427 des
433 1375 595 1439 inscriptions
608 1386 633 1422 et
645 1373 842 1432 Belias-lettres,
866 1384 923 1429 tom·
943 1375 1058 1424 xxvnt
1066 1409 1073 1434 ‚
1088 1389 1153 1438 pag.
1171 1372 1236 1432 611,

162 1475 231 1523 seqq.

208 1920 250 1983 11.
279 1919 334 1972 nu
355 1917 533 1972 varneri
553 1917 764 1985 incurro,
787 1914 992 1970 norimus
1013 1914 1066 1969 ur
1086 1890 1199 1970 amn.

202 2146 271 2211 Opus
284 2144 373 2193 Velleii
386 2143 565 2205 vindicatione
579 2143 673 2191 auctori
689 2141 797 2205 primum
811 2137 905 2204 ingenii
922 2137 1055 2203 quemdam
1072 2138 1198 2203 vigorem,
1218 2150 1243 2187 et

166 2221 194 2275 in
205 2227 336 2293 cogitando
348 2227 467 2287 omuino,
480 2227 541 2276 etin
550 2225 697 2287 sentiendo,
710 2223 832 2296 quidquid
843 2225 871 2272 in
883 2238 979 2286 quaque
991 2238 1017 2271 re
1028 2223 1087 2271 insit
1097 2238 1150 2271 non
1160 2223 1240 2271 solum

166 2312 264 2379 magni,
278 2312 385 2379 grande,
398 2312 557 2375 animumque
568 2309 703 2375 percellens
712 2345 719 2368 ,
732 2307 776 2359 sed
786 2308 860 2356 etiam
868 2307 929 2370 quid
940 2306 1037 2370 pulchri
1047 2315 1119 2370 atque
1130 2306 1243 2366 honesti,

167 2394 242 2466 idque
259 2411 315 2445 cum
331 2395 425 2452 affectu.
439 2393 535 2442 Deinde
551 2392 620 2452 baud
636 2391 825 2455 inconspicuum
841 2399 878 2438 est
894 2389 988 2454 ingenii
1002 2404 1107 2439 acumen
1119 2390 1243 2450 sudoris,

167 2494 232 2548 qno,
242 2494 296 2546 quae
305 2477 470 2529 multitudiuis
480 2477 565 2529 oculos
575 2476 734 2537 animumque
743 2473 850 2537 fugiunt,
863 2473 971 2537 penitius
982 2473 1119 2539 perspexit,
1131 2472 1172 2524 cui
1182 2488 1244 2521 vero

168 2579 347 2629 nonnunquam
359 2563 464 2613 nimium
474 2561 618 2627 indulgens,
627 2558 658 2607 ad
667 2559 815 2622 argutiarum
823 2558 882 2606 viria
891 2556 1007 2622 abreptus
1015 2568 1058 2607 ese
1069 2559 1139 2607 lianc
1149 2558 1245 2622 ingenii

169 2646 220 2697 ritu
233 2646 287 2710 ipse
300 2655 349 2695 tarn
361 2660 443 2695 rerum
454 2644 621 2709 experientis,
636 2642 675 2690 rel
688 2658 719 2689 ex
731 2641 847 2704 antiqua,
862 2641 901 2690 rel
914 2657 947 2689 ex
959 2657 1003 2691 sua
1012 2641 1132 2691 memoria
1143 2641 1246 2701 hausta,

169 2745 245 2795 quam
263 2729 391 2790 doctriua,
409 2729 577 2792 antiquiorum
597 2728 679 2776 omnis
695 2726 791 2792 generis
808 2727 956 2790 scriptorum
968 2727 1072 2779 lectione
1090 2737 1248 2791 sumpseras,

168 2811 312 2875 nutriverat.
321 2813 433 2875 Quarum
443 2812 483 2859 illa
493 2811 594 2875 quidem
603 2828 655 2859 aeae
666 2811 744 2875 aperit
756 2810 794 2868 tel
803 2810 963 2868 consiliorum
972 2847 979 2871 ‚
989 2826 1129 2861 caussam
1140 2819 1165 2857 st
1174 2810 1248 2859 eiice-

170 2906 253 2962 tornpt
266 2895 455 2961 perspicientia,
472 2895 511 2943 rel
524 2894 716 2954 sententiarum,
733 2893 824 2956 quibus
836 2894 950 2951 iustruit,
967 2895 1104 2957 sapientia:
1120 2893 1173 2943 btee
1186 2909 1247 2942 vero

170 2978 250 3039 elucet
262 2995 295 3027 ex
308 2977 473 3041 antiquitatis,
487 2978 538 3025 aive
551 2976 704 3035 domesticae,
718 2976 770 3025 siue
780 2987 885 3035 emm,
899 2992 952 3025 nou
961 2977 1081 3025 universo
1091 2976 1189 3036 solum,
1203 2977 1248 3026 sed

171 3063 244 3117 etiam
261 3061 289 3111 in
305 3058 417 3131 partibus
430 3059 621 3120 minutioribus,
634 3059 696 3118 *deo
708 3058 949 3124 pbilowpbematum
962 3058 1027 3123 (vid.
1041 3060 1082 3116 11,
1095 3059 1129 3122 ⁶9
1142 3094 1149 3117 ,
1163 3058 1229 3122 12³)

173 3144 240 3205 unde
254 3144 373 3197 orationis
386 3143 494 3193 colorem
508 3143 595 3203 duxit,
609 3143 765 3206 cognitione,
779 3159 860 3206 neque
870 3143 953 3197 minus
966 3157 997 3191 ex
1010 3142 1123 3191 oratioue
1134 3141 1167 3189 ad
1180 3142 1248 3207 opti-

171 3241 269 3297 morum
285 3227 433 3296 scriptorum
449 3225 549 3290 vestigia
565 3242 687 3290 expressa.
705 3228 743 3275 Ex
761 3227 802 3277 bis
817 3226 935 3283 omuibus
950 3235 1020 3275 easta
1034 3241 1133 3289 quoque
1150 3236 1188 3275 est
1203 3243 1248 3274 au-

171 3308 246 3364 ctoris
259 3309 393 3375 pmdentia
407 3319 457 3357 tam
471 3318 525 3379 apte
539 3300 657 3374 seligendi
673 3320 698 3358 et
717 3309 885 3376 componendi
900 3309 1009 3359 historias
1023 3325 1073 3364 sure
1090 3321 1249 3372 argumenta,

173 3408 249 3456 eaque
266 3392 298 3447 ud
317 3393 511 3458 commovendos
529 3391 732 3457 delectandosqne
749 3394 853 3443 lectores
872 3392 1020 3453 enarrandi,
1042 3392 1087 3445 scd
1105 3393 1179 3442 edam
1199 3395 1250 3442 cir·

171 3473 351 3547 cumspicieudi
363 3474 394 3522 de
411 3475 523 3541 periculo¹
539 3491 572 3525 cx
589 3490 664 3538 opere
680 3492 742 3538 suo,
757 3477 871 3540 inprimis
884 3493 897 3525 e
909 3475 1011 3537 judiciis
1026 3475 1057 3525 de
1074 3475 1148 3525 rebus
1160 3491 1250 3539 perso·

170 3557 258 3619 uisque
268 3556 416 3620 propositis,
429 3557 476 3603 sibi
488 3568 618 3619 exortum,
630 3559 797 3623 cavendique,
809 3576 841 3607 ne
850 3559 978 3609 Tiberium
988 3559 1128 3623 aulicosque
1137 3559 1250 3609 offendat

171 3650 242 3703 utque
257 3640 342 3686 irritet.
390 3697 393 3704 Ι

208 3722 249 3769 Ad
261 3723 337 3769 animi
349 3738 408 3770 vero
422 3722 531 3770 indolem
542 3723 648 3771 auctoris
661 3724 730 3787 quod
745 3726 845 3785 attinet,
858 3725 967 3772 homInis
979 3740 1037 3772 sane
1049 3724 1139 3789 probi,
1155 3725 1251 3772 omnis·

172 3822 221 3871 que
234 3804 369 3854 honestatis
380 3806 484 3855 studiosi
498 3822 578 3854 mores
588 3822 638 3874 prae
651 3824 676 3854 se
688 3808 750 3856 tulit.
759 3808 821 3856 Odit
831 3824 906 3856 omne
918 3808 1000 3866 nefas,
1013 3823 1041 3855 ac
1054 3806 1251 3871 turpitudinem,

173 3904 305 3955 severaque
319 3902 377 3941 nota
392 3890 563 3941 animadvertit
579 3893 606 3940 iu
620 3892 735 3941 homiues
748 3894 842 3960 magnis
857 3909 954 3941 morum
971 3892 1037 3940 vitiis
1051 3902 1076 3939 et
1093 3889 1193 3956 flagitiis
1208 3891 1250 3938 in·

172 3975 264 4033 sames,
281 3976 307 4021 in
328 3975 521 4039 Sardanapalos,
540 3976 650 4036 Marios,
668 3975 761 4038 Sullas,
775 3976 883 4038 Cinnas,
904 3975 1004 4026 Clodios
1017 3986 1089 4039 atque
1107 3973 1251 4033 Curiones,

175 4059 297 4108 Antonios
319 4061 476 4124 Plancosque.
500 4062 591 4110 Contra
612 4060 639 4109 in
662 4062 771 4108 virorum
793 4078 937 4127 magnorum
958 4061 1071 4126 personis
1092 4074 1146 4109 uon
1166 4058 1249 4107 solum
