2670 4836
256 347 321 411 ou
343 348 380 411 o.
405 346 617 413 vacuato
643 341 942 411 PATERCULO.
1085 352 1137 431 xxj

70 462 150 526 legatua
163 459 195 508 ad
208 462 338 510 Tiberium
353 463 469 510 remisaua
482 461 513 509 ab
525 462 654 527 Augusto,
670 462 850 527 componendis
862 462 997 527 pannonici
1010 462 1069 512 belli
1082 465 1139 513 reli·

67 550 121 613 quiia
134 549 262 608 interfuit;
275 549 343 596 idem
358 550 404 616 (an
422 548 519 613 Magius
533 547 605 595 etiam
619 547 710 595 frater?
725 564 783 595 uam
796 547 885 611 plurali
899 564 1004 596 nomem
1017 549 1142 614 loquitur)

65 634 86 682 iu
103 635 208 682 hiberna
228 650 285 681 cum
303 634 397 681 ceteris
415 632 510 680 liberii
528 632 613 696 legatia
631 631 777 679 distributus
794 643 849 690 eat;
866 632 983 696 proximo
999 648 1065 681 anuo
1082 632 1140 680 belli

65 718 193 783 pannonici
204 718 328 782 particeps
339 727 363 763 et
372 716 471 776 adjutor
484 714 543 773 init3
556 730 607 777 quo
619 714 720 763 feliciter
733 724 842 777 patrato,
858 724 882 761 et
893 731 965 778 pace,
979 715 1075 778 qualem
1089 716 1140 763 vic·

64 812 121 848 tores
133 800 195 848 dare
209 799 305 858 uolent,
318 798 432 846 hosobm
443 815 572 854 concessa,
586 796 717 844 manebant
727 797 754 843 iu
765 797 883 843 Delmatia
895 797 1013 844 libertatis
1023 797 1141 861 vestigia,

62 883 146 945 quibua
158 882 272 930 delcmlia
282 881 403 941 Velleius,
414 898 480 930 anno
491 882 639 939 nttctxn,
649 878 798 926 allaboravit.
811 879 874 925 lude
884 895 961 941 quum
971 879 1001 926 de
1013 880 1140 926 Pannonia

61 977 80 1014 et
96 965 219 1013 Delmatia
238 965 401 1028 triumpharet
415 964 548 1024 Tiberina,
564 973 669 1010 exeunte
683 978 750 1009 auno
763 962 906 1020 mxv,
924 963 978 1026 ipae
994 979 1051 1009 cour
1068 965 1141 1011 fratre
1227 1000 1234 1011 .

62 1050 119 1097 iuter
132 1051 274 1114 praecipooa
291 1049 470 1112 praecipuisque
488 1048 562 1096 donia
575 1047 712 1095 honoratos
729 1048 795 1094 virm
813 1047 931 1095 victorem
946 1048 1075 1096 comitatus
1088 1058 1139 1096 eat:
1243 1087 1248 1112 Ι

61 1150 78 1181 c.
91 1150 153 1193 tar,
167 1134 183 1199 §
197 1135 222 1181 3.

90 1221 159 1265 Inter
172 1218 246 1265 illum
259 1215 414 1281 triumphum
428 1225 453 1264 et
464 1233 503 1265 rea
515 1217 584 1281 priua
594 1217 622 1262 iu
632 1215 732 1279 illyrico
745 1225 835 1280 gestas,
848 1217 908 1264 anui
919 1217 981 1277 duo,
994 1217 1139 1266 110thth

62 1311 80 1347 et
96 1300 262 1360 ΜΣΝ,
280 1299 443 1360 effluxerant,
461 1316 506 1365 per
523 1315 586 1362 quoa
606 1308 739 1362 occupatus
755 1299 870 1346 Tiberius
888 1301 916 1347 in
928 1300 1067 1348 ulciscenda
1082 1303 1141 1349 Vari

62 1384 139 1442 clade,
150 1383 384 1447 componendisque
393 1382 480 1430 Galliis
489 1419 497 1442 ,
510 1392 593 1430 utrum
603 1382 718 1429 comitem
726 1382 848 1430 Velleiunt
861 1393 886 1430 et
901 1383 1038 1444 adjutorem
1048 1384 1142 1432 babue-

63 1466 105 1526 rit,
121 1466 221 1513 nemini
234 1465 311 1512 credo
326 1465 431 1513 dubium
444 1465 513 1523 t'ore,
526 1481 603 1528 quum
616 1465 731 1513 nondum
749 1466 846 1530 expleta
863 1478 944 1515 esseut
961 1479 1017 1516 octo
1035 1468 1075 1514 illa
1095 1468 1142 1516 soh

63 1548 158 1595 Tiberio
170 1548 308 1612 stipendia3
319 1548 386 1595 nude
395 1560 518 1612 tamquam
527 1564 609 1595 rerum
617 1558 738 1613 spectator
748 1549 815 1597 idem
826 1559 850 1596 et
861 1561 984 1610 narrator,
993 1549 1143 1615 ubicumque

65 1633 90 1680 de
106 1633 183 1681 rebus
201 1634 276 1698 gestia
296 1633 452 1698 imperatoria
466 1634 505 1680 aui
518 1633 670 1680 mentionem
681 1633 752 1691 facit,
767 1632 968 1697 diligentissimus
983 1636 1010 1682 in
1021 1636 1144 1696 minimis,

65 1717 90 1763 ad
102 1717 213 1780 ringulae
224 1727 307 1780 partes
319 1717 455 1765 descendit.

95 1802 158 1865 Post,
166 1800 265 1847 Tiberii
275 1802 428 1866 uiumpltnm
438 1802 481 1865 qui
491 1813 605 1850 octavum
615 1818 708 1851 anunm
719 1802 811 1851 claudit
820 1803 908 1850 Velleii
919 1803 965 1851 snb
975 1803 1037 1851 duce
1047 1820 1093 1852 auo
1104 1805 1146 1850 ati·

65 1886 228 1949 pendiornm,
236 1888 322 1935 ttomae
330 1886 428 1936 videtur
437 1887 554 1936 manticae
565 1888 671 1947 Noster3
681 1888 836 1935 etcircahaec
845 1899 953 1952 tempora
960 1887 1098 1935 aedilitatem
1105 1899 1148 1935 aut

66 1971 217 2019 tribunatum
231 1970 312 2034 plebei
328 1972 465 2020 necessario
478 1973 568 2036 gemit:
583 1989 641 2020 uam
660 1989 706 2036 per
723 1972 866 2021 alterutrum
879 1987 984 2032 munna,
997 1972 1030 2019 ita
1042 1971 1146 2032 jubente

68 2058 177 2120 Augusto
197 2056 268 2121 (Dio
287 2057 347 2115 LII,
368 2072 401 2104 ao
412 2055 436 2120 ),
457 2072 489 2104 ex
502 2067 622 2121 quaestura
636 2055 818 2104 accendendum
833 2065 884 2103 crat
899 2055 930 2103 ad
945 2065 1082 2119 praeturam.
1102 2055 1145 2101 Sin

68 2137 263 2186 extraordinaria
275 2147 299 2186 et
309 2138 432 2186 rarissima
447 2140 474 2186 in
488 2140 589 2203 privatia
600 2139 673 2186 venia
686 2138 808 2186 honorem
823 2149 954 2201 utrumqne
966 2139 1147 2194 continuasset,

70 2222 124 2269 tanti
136 2230 205 2269 certe
217 2219 334 2270 beneficii
348 2223 498 2270 mentionem
511 2222 625 2270 laudibna
639 2221 691 2269 auia
706 2236 758 2269 nou
768 2219 904 2269 invidisset.
914 2220 1053 2267 Tribunum
1064 2219 1145 2283 plebei
1207 2250 1216 2267 .

67 2305 147 2369 potina
166 2305 242 2353 iniaoe
260 2305 383 2354 existimat
395 2306 552 2365 Dodwellua,
571 2306 682 2369 quamvis
696 2305 723 2352 in
739 2320 765 2351 re
783 2305 886 2352 omniuo
905 2304 997 2350 incerta
1017 2312 1041 2349 et
1057 2301 1146 2361 dubia,

67 2389 130 2452 qnod
147 2388 201 2438 dno
216 2400 311 2438 tanturn
324 2391 407 2439 aediles
419 2391 529 2450 curules,
545 2389 631 2438 decem
646 2404 705 2436 vero
717 2387 817 2459 tribuni
829 2388 928 2435 fuerint.
945 2387 998 2435 Nec
1017 2388 1107 2434 mirum
1123 2385 1147 2432 ai

67 2471 155 2520 nullam
176 2472 230 2537 ipae
244 2475 401 2522 mentionem
417 2475 474 2523 fecit
491 2474 600 2522 muneris
613 2490 627 2521 a
640 2490 666 2520 se
680 2473 758 2538 gesti,
775 2473 845 2532 cujus
866 2487 943 2535 quum
963 2471 1043 2518 omnic
1060 2471 1098 2517 vis
1116 2467 1148 2516 ad

66 2555 238 2620 imperatorem
251 2560 365 2607 translata
376 2570 453 2617 esset,
462 2576 556 2617 nomeu
567 2569 663 2607 tantum
674 2558 727 2631 alpe
737 2567 905 2622 repnpererat.

102 2641 232 2688 Tribunus
242 2658 300 2706 ergo
311 2644 391 2707 plebia
401 2643 447 2691 luit
456 2644 509 2706 ifle,
519 2660 586 2692 anuo
595 2644 661 2691 inter
668 2642 763 2691 Tiberii
772 2641 924 2706 triumphum
935 2651 958 2689 et
969 2640 1073 2704 Augusti
1084 2656 1149 2689 mor·

72 2729 118 2768 tem
132 2723 233 2783 medio,
247 2725 391 2775 mm
401 2743 407 2772 :
422 2743 479 2774 uam
494 2744 560 2776 anuo
570 2727 687 2792 proximo
698 2727 854 2776 Dchttvtt
864 2725 896 2772 ab
906 2725 1017 2789 Angueto
1029 2724 1149 2772 moriente

74 2814 95 2849 et
108 2804 256 2853 succedente
266 2807 367 2855 Tiberio
382 2807 522 2873 designatus
530 2821 637 2875 praetor,
648 2809 740 2867 acilioet
751 2810 778 2856 in
788 2825 882 2856 anunm
892 2807 1077 2867 Imittur,
1089 2806 1149 2866 fuit;

72 2902 177 2951 eumque
186 2890 353 2954 magietratutn
367 2892 420 2938 aine
434 2891 512 2939 dubio
527 2893 610 2956 gestit.
621 2874 886 2946 Altinaconaoendisae
900 2906 953 2939 non
964 2891 1062 2939 videtur
1072 2906 1149 2955 quum

72 2974 123 3032 ejus
132 2990 229 3021 nomen
238 2974 266 3020 iu
276 2974 342 3022 fastis
352 2975 523 3024 consularibus
533 2992 586 3024 uon
596 2985 723 3023 occurrat:
738 2975 823 3037 etipse
833 2975 934 3038 quidem
944 2975 1044 3022 Vinicio
1054 2974 1150 3022 consoli

74 3054 199 3103 blanditur
212 3072 265 3104 nou
275 3073 322 3120 pro
335 3058 470 3105 consularia
484 3059 594 3106 hominia
605 3058 736 3122 diguitate3
750 3072 796 3104 nec
809 3057 830 3103 ai
841 3058 993 3106 comulatam
1007 3056 1088 3104 adhuc
1096 3072 1152 3119 gea·

71 3137 152 3198 tinet,
163 3138 262 3186 titulum
273 3139 340 3187 bunc
350 3141 561 3205 praeclarissimum
573 3141 638 3187 inter
648 3150 684 3188 tot
695 3140 803 3188 minoret
813 3140 948 3189 omiaaurua
959 3149 1022 3188 erat:
1034 3139 1150 3188 fastorum

71 3237 129 3283 ergo
141 3221 266 3269 silentium
276 3239 322 3270 ano
331 3220 385 3287 ipse
395 3223 494 3270 silentio
503 3221 642 3272 coufirmat.
1045 3277 1049 3282 ¹

103 3305 215 3366 Tacitus,
227 3307 295 3353 Anu.
309 3308 361 3366 tlt,
374 3306 422 3370 39,
435 3309 461 3355 P.
471 3307 610 3368 Velleium,
621 3318 663 3355 aut
672 3301 807 3367 veliacum,
821 3309 848 3356 in
859 3323 956 3355 socnam
967 3306 1077 3367 inducit,
1092 3308 1151 3370 qui,

69 3407 144 3454 quoru
154 3391 290 3438 exercitum
303 3390 330 3438 in
341 3391 651 3457 Macedoniapraeaideret,
665 3392 767 3440 feliciter
776 3392 892 3440 advertus
902 3390 1011 3438 Odruaaa
1025 3391 1150 3456 pugnavit.

71 3475 141 3521 llnuc
155 3474 269 3522 eumdem
283 3491 338 3522 esee
351 3493 406 3523 cum
418 3476 524 3535 Nostro,
539 3475 607 3538 quod
621 3475 680 3524 olim
693 3474 815 3522 Rhenano
826 3475 921 3531 vicum,
935 3474 1022 3521 annuit
1034 3474 1152 3521 Erneatua

71 3556 140 3620 (vide
154 3557 185 3604 ad
196 3559 309 3606 Taciturn
322 3558 467 3623 nostrum),
484 3559 550 3606 nulla
563 3569 644 3606 tamen
658 3558 855 3615 intuentium,
869 3557 917 3604 uiai
931 3555 999 3620 qnod
1012 3557 1152 3604 Paterculua

72 3642 212 3692 adulatione
226 3644 253 3692 in
265 3644 394 3693 Tiberium
408 3655 432 3691 et
447 3654 498 3693 tam
515 3645 627 3709 projecto
643 3641 743 3690 servitio
760 3643 841 3706 potuit
856 3641 886 3689 ad
902 3657 1002 3705 magnae
1016 3657 1054 3689 rea
1073 3641 1152 3690 evehi.

72 3726 118 3773 Sed
128 3727 253 3774 Broteriua
266 3728 449 3791 praenominum
464 3726 602 3774 diversitate
618 3726 645 3773 in
660 3726 729 3774 uliam
741 3725 886 3773 seutentiam
899 3724 1004 3773 docitur.
1017 3724 1071 3773 Noa
1086 3743 1099 3772 a
1110 3725 1152 3785 J'n·

72 3806 177 3856 dicando
191 3808 357 3868 abatinemna3
370 3810 414 3856 vix
427 3819 509 3856 tantm
522 3809 644 3857 credimus
656 3826 711 3856 auae
723 3809 758 3856 ibi
773 3825 811 3856 res
825 3819 904 3872 gestae
919 3808 1045 3857 oblivione
1059 3807 1152 3855 deletu·

72 3904 124 3938 rum
136 3892 211 3940 inim
226 3893 370 3957 scriptorem
384 3909 539 3956 nequaquam
553 3894 621 3940 famae
636 3893 812 3957 negligentem,
833 3893 881 3939 uici
900 3901 943 3939 ant
963 3892 1038 3938 nimia
1054 3891 1153 3938 scatina-

74 3974 137 4023 tione
151 3975 268 4042 abreptus
280 3978 403 4043 mentioni
416 3991 465 4026 aute
478 3978 559 4026 locum
574 3994 626 4026 non
640 3978 749 4039 invenit,
767 3988 808 4024 aut
822 3992 854 4024 ea
868 3976 908 4023 illa
922 3975 1049 4039 provincia
1066 3987 1153 4037 parom

74 4060 192 4121 cntioaua
209 4060 298 4128 (qnam
312 4063 479 4127 suspicionem
497 4063 571 4127 paulo
589 4072 645 4126 post
663 4058 842 4119 excutiemus),
858 4058 888 4105 ad
903 4059 1023 4107 Caesarem
1040 4055 1153 4102 redierat.
