2670 4836
397 322 502 387 osv.
527 321 835 388 annuamus.
883 404 888 425 Ι
1104 334 1148 414 vij

83 434 188 493 {elixae
199 434 383 510 prestabilis,
392 436 440 493 laic
452 449 547 494 tamen
557 450 646 495 semet
655 438 748 496 videri
759 439 850 514 possit
861 449 926 514 post
935 458 965 496 se
974 442 1152 516 reliquisse.»

82 531 116 585 At
131 530 313 584 Burmannus
331 529 407 585 hunc
425 530 619 604 prineipatum
640 532 758 588 Heinsio
777 533 889 588 detulit.
913 533 948 587 In
968 554 1027 607 quo
1040 535 1150 608 judicio

80 622 158 694 plus,
175 640 262 694 quam
278 619 415 691 deberet,
432 622 578 677 Heinsiani
595 622 720 679 nominis
734 622 835 692 favor,
853 635 882 679 et
896 624 1021 698 Lipsiani
1035 629 1151 700 odium,

81 710 175 767 valuit.
193 712 254 767 Nos
271 711 346 786 aequi
364 712 470 782 simus,
491 725 519 769 et
538 732 617 769 suam
636 712 739 787 cuique
760 714 874 772 laudem
894 715 1061 773 tribuamus.
1084 720 1151 776 Fuit

81 801 211 858 Heinsius
223 802 372 872 omnium,
391 805 441 878 qui
453 804 588 874 fuerunt,
605 815 633 861 et
651 815 736 860 erunt
750 807 887 879 posthac,
903 806 934 861 iu
947 809 1040 880 poetis
1057 810 1151 868 latinis

81 894 235 950 tractandis
252 894 446 962 felicissimus;
465 897 515 952 sed
531 898 589 952 haec
610 907 759 970 tantopere
777 897 918 952 celebrata
933 898 1050 955 felicitas
1069 901 1152 957 illum

81 984 210 1042 destituit
225 986 256 1041 in
270 1005 363 1060 prosa
377 987 515 1043 orationis
529 987 737 1061 scriptoribus,
753 988 881 1058 Velleio,
899 990 1056 1061 Petronio,
1074 992 1150 1048 Cur-

81 1076 137 1146 tio,
153 1077 275 1148 Tacito,
291 1078 371 1148 aliis;
385 1098 417 1134 ac
429 1121 437 1148 ,
451 1079 475 1134 si
489 1078 663 1148 dicendum,
681 1079 761 1152 quod
774 1098 818 1135 res
832 1091 893 1151 cst,
909 1079 1063 1136 discrimen
1075 1081 1152 1140 inter

80 1187 241 1225 sermonem
257 1169 419 1245 prosaicum
438 1180 466 1226 et
482 1170 628 1243 poeticum
647 1188 707 1226 non
727 1171 793 1227 satis
810 1172 927 1228 videtur
942 1174 1074 1231 tenuisse.
1092 1175 1152 1244 Qui

80 1261 152 1316 enim
164 1260 195 1315 in
207 1271 340 1316 accurata
354 1261 413 1334 ejus
427 1263 469 1318 rei
484 1262 601 1318 scientia
613 1260 676 1318 fieri
688 1261 846 1337 potuisset,
862 1275 895 1320 ut
907 1274 950 1320 tot
961 1264 1067 1323 formas
1081 1287 1152 1341 poe-

80 1351 144 1407 ticas
164 1353 297 1420 Velleio,
318 1365 347 1409 et
365 1354 444 1425 aliis,
468 1374 540 1429 quos
562 1354 728 1428 nominari,
749 1356 937 1430 scriptoribus
957 1359 1150 1416 obtrudercti'

80 1442 204 1518 longius
214 1463 231 1498 a
243 1444 333 1520 lipsii
347 1446 430 1501 lande
442 1447 522 1502 abest
533 1447 651 1503 ultimus
663 1447 793 1505 omniurn
807 1449 909 1504 Velleii
921 1449 1032 1520 editor,
1048 1453 1150 1509 Petrus

81 1535 275 1607 Rumrannus,
291 1540 450 1612 praesertim
467 1540 542 1596 ineo
559 1541 699 1616 scriptore
712 1540 906 1611 recensendo,
919 1542 950 1597 in
964 1561 1041 1617 quo,
1058 1563 1150 1619 prop-

82 1635 122 1682 ter
132 1629 248 1684 crebras
259 1632 454 1705 corruptelas,
470 1652 515 1689 res
533 1633 626 1689 omnis
641 1634 678 1689 ad
691 1652 811 1690 acumen
827 1632 977 1704 criticum,
994 1654 1052 1709 quo
1068 1636 1150 1692 illum

80 1719 171 1777 minus
183 1721 305 1778 valuisse
318 1723 437 1793 scimus,
455 1725 574 1780 rediret.
590 1725 647 1783 Sed
658 1726 732 1800 quid
746 1725 867 1799 quisque
880 1725 951 1781 boni
960 1725 998 1780 ad
1008 1726 1150 1783 Velleium

80 1815 250 1887 contulerit,
267 1816 417 1891 perspicue
435 1818 584 1892 apparebit
598 1837 633 1875 ex
651 1819 727 1874 notis
742 1817 865 1887 nostris,
881 1816 933 1872 ubi
952 1837 1033 1874 veras
1049 1818 1150 1894 singu-

80 1904 172 1963 lorum
186 1908 401 1967 emendationes
414 1911 722 1980 commemoravimus,
742 1909 842 1979 falsas,
856 1928 927 1983 quas
941 1910 1067 1966 refutare
1082 1911 1149 1966 lon-

79 2019 143 2075 gum
161 2010 191 2056 et
206 2001 358 2057 molestum
374 2014 453 2073 erat,
473 2003 587 2059 silentio
604 2012 706 2058 nostro
726 2000 988 2057 condemnavimus.
1006 2003 1150 2059 Hactenus

79 2091 112 2147 de
124 2092 227 2147 Velleii
241 2093 419 2164 editoribus,
436 2105 464 2150 et
478 2104 585 2149 nostrae
599 2093 734 2149 editionis
752 2093 882 2148 ratione:
901 2093 1049 2167 sequitur,
1066 2105 1099 2148 ut
1113 2094 1150 2149 de

79 2181 137 2257 ipso
162 2185 274 2241 Velleio
297 2185 407 2260 aliquid
430 2187 566 2242 dicamus.
596 2187 765 2241 Praenomen
789 2184 892 2241 Velleii
917 2185 1060 2241 incertum
1083 2185 1151 2241 lecit

79 2277 250 2348 Rhenanus,
267 2278 296 2333 in
314 2279 397 2335 titulo
415 2279 484 2335 libri
494 2281 528 2334 P.
546 2277 654 2352 inipso
669 2276 744 2330 libro
760 2277 790 2330 C.
807 2275 910 2344 edcns;
925 2276 974 2330 sed
991 2276 1021 2331 C.
1039 2295 1055 2329 a
1071 2278 1150 2332 Rhe-

81 2386 152 2425 nano
167 2369 198 2423 in
211 2369 311 2426 codice
323 2370 472 2426 inventum
485 2371 634 2437 arbitror,
651 2377 806 2442 propterea
823 2367 920 2439 quod,
938 2367 961 2421 si
976 2368 1010 2422 P.
1027 2368 1151 2440 reperis-

80 2472 118 2516 set
139 2460 296 2531 Burei-ius,
322 2460 353 2517 id
374 2480 429 2536 pro
451 2462 599 2538 diligentia
620 2479 671 2517 sua
691 2479 752 2515 non
772 2459 889 2515 videtur
909 2459 1150 2532 praetermissurus

80 2549 171 2607 fuisse.
189 2552 344 2608 Rhenanus
358 2563 452 2609 autem
468 2554 499 2608 in
516 2554 601 2610 titulo
613 2554 647 2607 P.
661 2552 772 2622 edidit,
790 2570 850 2606 non
869 2550 1016 2621 codicem,
1032 2549 1082 2606 sed
1094 2553 1151 2605 Ta-

81 2643 164 2699 titum
185 2646 262 2699 Aun.
284 2647 347 2714 lll,
369 2646 424 2720 39,
446 2657 567 2702 secutus.
586 2648 649 2722 Ego
671 2647 701 2702 C.
720 2645 890 2720 praeferam,
912 2663 1065 2700 commune
1084 2664 1150 2699 curn

80 2754 129 2793 aro
145 2757 332 2812 praenomen,
351 2741 431 2814 quod
446 2760 505 2796 non
524 2741 618 2797 minus
635 2741 716 2797 facile
732 2740 810 2813 apud
822 2739 954 2794 Tacitum
970 2737 1001 2792 in
1016 2741 1051 2793 P.
1071 2738 1151 2793 abire

80 2831 186 2902 potuit,
203 2851 289 2906 quam
304 2833 334 2887 in
346 2835 391 2889 M.
406 2833 483 2907 apud
495 2833 629 2890 Priscian.
642 2834 701 2902 VI,
717 2851 745 2907 p.
761 2832 827 2902 706.
840 2833 899 2887 Nec
914 2830 1043 2886 dubitem
1058 2849 1151 2885 assen-

80 2922 125 2978 tiri
141 2925 281 2980 Rhenano
299 2925 331 2980 in
347 2926 410 2981 Vita
425 2927 500 2982 Vell.
516 2938 543 2980 et
560 2926 678 3001 Lipsio,
695 2927 726 2980 P.
744 2924 901 2992 Velleium,
923 2924 1047 2997 legatum
1067 2942 1151 2978 exer·

81 3015 148 3071 citus
161 3017 192 3072 in
203 3019 342 3087 Thracia,
358 3017 438 3091 cujus
448 3019 564 3074 Tacitus
577 3021 596 3075 Ι.
609 3038 634 3073 e.
651 3017 829 3074 mentionem
844 3016 929 3082 lacit,
947 3015 1079 3071 eumdem
1094 3026 1152 3070 sta-

81 3110 223 3165 tuentibus
241 3111 273 3165 C.
290 3110 420 3179 Velleio,
437 3110 564 3166 historiae
582 3110 726 3184 scriptori.
747 3109 880 3164 Proiecto
900 3107 949 3180 qui
967 3107 1078 3162 familiae
1095 3126 1152 3163 suae

81 3198 246 3275 dignitatem
260 3211 471 3271 ostentaturus,
488 3203 518 3257 in
532 3203 582 3258 tali
597 3199 762 3275 compendii
775 3198 917 3253 brevitate
931 3198 1026 3253 locum
1041 3198 1153 3255 invenit

81 3291 193 3363 tritavi,
214 3294 306 3363 atavi,
328 3294 392 3363 avi,
415 3296 523 3366 patris,
547 3292 659 3367 patrui,
685 3290 799 3359 fratris,
823 3287 978 3358 laudandi,
1003 3290 1153 3362 quomodo

80 3396 232 3458 cognatum
247 3385 352 3452 alium,
368 3385 527 3457 praesertim
543 3384 684 3441 exercitus
701 3382 822 3449 ducem,
839 3380 861 3435 si
878 3380 953 3436 ullus
969 3391 1030 3436 turn
1048 3392 1153 3456 praeter

81 3493 107 3531 te
122 3487 151 3532 et
165 3476 283 3533 fratrem
299 3476 414 3544 luisset,
434 3477 547 3532 silentio
563 3475 764 3552 praeteriisset?
783 3474 872 3542 Quod
891 3486 987 3531 autern
1006 3475 1153 3550 Ryekius,

81 3586 202 3643 eumque
216 3579 329 3625 secutus
340 3570 381 3624 ct.
396 3571 532 3625 Ernestus
545 3568 701 3641 objiciunt,
716 3567 786 3620 nihil
803 3567 839 3622 de
852 3568 1054 3642 expeditione,
1067 3587 1154 3640 quam

80 3661 191 3717 Tacitus
204 3661 313 3717 Velleio
327 3660 447 3731 tribuit,
462 3662 490 3717 in
503 3661 561 3734 ejus
574 3661 693 3716 historia
711 3661 847 3733 reperiri,
871 3662 958 3717 lacilis
972 3681 1004 3715 ac
1018 3670 1153 3734 prompta

81 3754 228 3827 responsio
239 3763 295 3825 est,
308 3754 369 3827 ejus
381 3755 422 3810 rei
434 3753 626 3810 narrationem
638 3754 716 3826 justo
730 3752 854 3807 historiae
866 3755 962 3827 operi,
976 3752 1056 3827 quod
1071 3753 1155 3807 toties

82 3846 242 3917 promittit,
259 3855 400 3901 servatam
415 3864 483 3901 esse.
499 3845 617 3919 Majoris
632 3845 771 3899 momenti
785 3855 826 3900 est
841 3864 987 3919 quaerere,
1004 3845 1075 3920 quid
1091 3855 1155 3899 tan·

83 3934 146 3991 dem
160 3938 302 3993 Velleium
321 3936 485 4009 impulerit,
509 3947 559 4006 ut,
581 3957 668 4011 quum
692 3938 720 3991 in
741 3937 841 4011 priore
861 3938 987 3994 historia
1007 3949 1089 4013 parte
1111 3945 1155 3990 tot

84 4027 164 4087 liberi
179 4030 298 4106 spiritus
316 4031 487 4090 documenta
501 4031 643 4103 dedisset,
662 4031 693 4086 in
707 4030 866 4105 posteriore
879 4051 908 4088 se
922 4032 960 4086 ad
971 4030 1109 4087 hmnilem
1127 4035 1156 4080 ct
