2670 4836
175 342 240 407 xliv
445 339 673 404 NOTITIA
695 339 988 405 LITERARIA

176 466 314 520 corrupte,
333 455 439 520 speciem
452 455 546 518 placere
558 455 645 518 potuit.
657 457 693 502 lte
707 455 817 518 profecto
830 456 918 503 fectum
932 472 984 503 esse
997 456 1109 514 ridetur,
1123 467 1151 503 ut
1163 457 1255 505 Noster

174 539 353 603 infrequentins
364 538 456 597 lectus,
470 537 623 602 descriptus,
637 549 662 585 et
672 537 738 584 nulle
751 535 840 600 dignus
852 539 972 586 memorie
984 540 1016 586 sit
1028 537 1144 600 habitus,
1157 539 1255 588 etiarnsi

174 640 265 673 novem
279 622 420 686 scriptionis
433 624 551 682 formem,
565 622 697 671 virtutibus
711 622 763 669 suis
777 638 831 669 non
842 633 981 684 carentem,
994 623 1124 671 invenerit.
1137 622 1255 671 Attamen

175 707 309 771 insequens
322 722 400 752 aevnm
415 705 481 753 hend
499 707 623 770 ignorasse
638 723 710 763 enm,
722 705 795 752 docet
806 704 874 752 hund
886 705 1028 768 infrequens
1040 704 1160 765 eliorum,
1173 704 1212 752 rel
1226 706 1256 754 in

174 788 354 840 concinnendis
367 790 476 839 historiae
489 790 659 854 compendiis,
676 789 755 851 iisque
765 787 875 849 jejunis,
890 787 929 835 vel
942 788 970 836 iu
987 788 1096 836 dictione
1109 787 1252 852 ingeniose,

175 882 276 937 argute,
294 884 365 936 etque
379 873 571 934 intumescente,
589 871 678 919 Velleii
692 871 806 919 imitetio.
820 873 889 919 lnter
903 888 967 935 qnos
982 871 1186 919 studiosissimum
1203 888 1256 935 prae

175 956 284 1013 ceteris,
297 955 341 1003 sed
353 956 426 1020 longe
440 956 582 1004 inferiorem
599 955 715 1003 emulum
728 954 816 1002 hebuit
829 952 963 1018 Sulpicium
977 954 1102 1001 Severum.
1115 954 1163 1001 Sed
1176 955 1257 1001 Luce·

176 1052 237 1084 nom
251 1053 350 1100 quoqne
363 1047 461 1101 postem
480 1038 615 1085 dictionem
629 1047 653 1084 et
668 1037 846 1085 sententiosum
862 1037 971 1085 colorem
984 1053 998 1084 s
1012 1037 1104 1084 Nostro
1117 1046 1256 1084 mutuetnrn

177 1137 246 1179 esse,
261 1120 329 1168 fecile
343 1137 375 1168 ex
387 1122 515 1184 utriusque
529 1121 712 1184 comparatione
725 1121 889 1185 cognoscitur.

212 1205 288 1254 Telis
299 1217 457 1270 contemptu,
472 1222 522 1270 qno
532 1206 652 1254 leborevit
664 1205 787 1266 Velleius,
801 1222 863 1268 eque
877 1205 990 1253 codicum
1003 1208 1057 1267 eins
1071 1205 1167 1253 nritste
1181 1204 1256 1253 intel·

177 1289 278 1355 ligitur,
292 1307 353 1349 cm,
366 1300 454 1354 praeter
467 1291 585 1348 unicum,
602 1289 677 1352 idque
689 1290 806 1354 exignum
818 1290 981 1352 fragmentum
994 1289 1061 1353 epud
1072 1288 1188 1336 Priscien.
1201 1290 1256 1349 Vl,

177 1391 231 1440 peg.
244 1376 308 1436 706:
320 1376 372 1423 Nec
381 1375 461 1423 minus
473 1376 557 1424 clareas
566 1391 597 1422 ea
608 1370 810 1437 ternpertatesuit
819 1373 1030 1436 dfiftiadisfilius,
1042 1373 1143 1432 Cimon,
1157 1372 1256 1422 nullum

178 1459 245 1507 eliud
258 1470 382 1524 repertum
396 1462 435 1506 sit.
446 1460 510 1506 Nem
523 1459 685 1521 fragmentum
699 1458 730 1505 de
743 1458 879 1506 Suevornm
894 1474 907 1506 e
921 1458 1041 1506 nonanis
1054 1457 1172 1518 victorie,
1186 1459 1256 1522 quod

178 1540 293 1589 eVeerii
306 1541 414 1589 Historia
432 1540 530 1589 Gallica
548 1551 692 1604 excerptum
707 1541 814 1603 vulgerit
828 1541 919 1605 Wolfg.
935 1542 1020 1589 Leuius
1033 1541 1127 1589 Comm.
1144 1540 1176 1588 de
1189 1542 1255 1605 Rep.

167 1624 252 1672 *Rom
265 1628 290 1683 l,
308 1627 340 1686 8,
353 1641 406 1674 nou
422 1642 474 1673 esse
487 1624 587 1681 Nostri,
601 1622 644 1670 sed
657 1623 722 1670 Gelli
735 1625 879 1684 cujusdem,
895 1625 939 1688 qui
952 1624 1034 1673 Geroli
1046 1626 1082 1673 Μ.
1095 1635 1163 1673 estete
1175 1626 1256 1690 scrip·

179 1707 253 1764 serit,
270 1707 352 1756 docuit
368 1710 435 1770 jem,
453 1718 541 1772 praeter
554 1705 631 1764 elios,
650 1706 680 1752 G.
697 1707 721 1753 J.
736 1706 839 1755 Vossius
856 1706 887 1754 de
901 1707 994 1755 Histoe.
1010 1709 1104 1778 leel,
1125 1716 1167 1764 et.
1181 1707 1255 1757 Conf.

179 1790 272 1838 Febris.
286 1793 349 1841 Bibl.
362 1795 413 1841 Let.
427 1802 487 1841 tom.
502 1794 545 1852 11,
558 1787 614 1855 μς.
630 1805 661 1837 es
674 1823 682 1850 ,
696 1804 746 1854 seq.

230 2159 296 2214 111.
340 2160 398 2214 DE
424 2160 617 2216 VELLEII
643 2159 839 2228 CODICE,
866 2155 1203 2226 EDITIONIBUS,

321 2273 658 2329 INTERPRETIBUS
681 2274 732 2327 ET
754 2269 1115 2325 EMENDl‘ronlcUS.

214 2453 332 2501 Veterum
349 2455 470 2503 librorum
486 2473 499 2502 e
515 2457 641 2520 mnfrsgio
659 2472 723 2504 nnus
739 2465 834 2502 tentum
848 2454 936 2502 Velleii
951 2452 1083 2512 codicum,
1100 2465 1208 2515 quorum
1221 2447 1257 2495 eb

179 2534 267 2593 initio,
280 2547 308 2583 ut
318 2538 440 2597 vidimus,
455 2556 542 2604 magne
553 2541 661 2602 pensitas
674 2549 739 2596 eret,
752 2539 856 2587 fortnnse
868 2536 991 2585 beneficio
1001 2547 1109 2585 serretns
1122 2545 1167 2582 est.
1180 2534 1256 2580 Hunc

179 2619 274 2683 primus
291 2621 387 2669 invenit
405 2626 495 2670 Beatos
514 2623 664 2683 Bhenanus,
682 2621 880 2680 Selestediensis‚
893 2621 947 2677 vir,
965 2620 1012 2668 sub
1029 2617 1208 2667 senescentium
1228 2616 1257 2661 ln

179 2706 311 2754 Germanic
324 2707 449 2757 literarum
463 2720 588 2773 tempore,
601 2709 757 2764 eruditione,
771 2707 896 2771 diligentie
908 2718 932 2755 et
945 2706 994 2755 fide
1006 2708 1160 2771 precipuus,
1174 2715 1199 2752 et
1212 2721 1257 2751 ve-

179 2797 259 2835 terum
269 2788 339 2836 libris
351 2792 503 2854 proferendis
512 2803 535 2839 et
545 2792 706 2840 emcndsndis
715 2791 782 2838 bend
792 2791 886 2839 infelix.
895 2791 997 2838 Letebet
1004 2790 1091 2838 Velleii
1103 2805 1166 2853 opus
1177 2804 1256 2851 usqne

179 2871 212 2918 ed
231 2888 324 2920 ennnm
342 2875 460 2935 Mva,
479 2876 506 2923 in
523 2876 613 2940 pluteis
630 2875 783 2924 bibliothecae
800 2872 910 2922 coenobii
924 2873 1138 2920 benedictinorum
1155 2869 1260 2918 mnrbe·

180 2956 276 3016 censis,
289 2956 315 3003 in
326 2958 449 3020 superiori
459 2959 552 3007 Alsetie
566 2959 614 3007 siti.
626 2961 715 3006 Praeter
724 2958 793 3006 hunc
805 2957 916 3005 codicem
926 2957 1007 3005 nullus
1018 2956 1079 3003 eiius
1090 2965 1202 3019 repertus
1212 2965 1258 3003 est.

180 3037 245 3085 Nem
257 3054 337 3102 neque
354 3040 547 3089 Medioleuensis
560 3041 615 3100 ille,
632 3042 702 3101 cujus
716 3039 876 3089 uencisceudi
890 3056 959 3104 spem
972 3041 1062 3103 Georg.
1076 3036 1172 3085 Merule
1188 3037 1258 3085 Ithe-

181 3136 247 3169 neno
265 3133 393 3183 moveret,
408 3138 488 3186 neque
504 3123 539 3180 is,
556 3139 629 3186 quem
644 3122 757 3170 Lobbens
772 3122 889 3170 Biblioth.
907 3123 972 3169 Nor.
989 3123 1049 3169 Mes.
1063 3121 1091 3168 in
1106 3119 1258 3168 bibliothece

181 3204 303 3267 quedem,
320 3205 385 3255 libro
402 3206 481 3270 priori
499 3204 611 3271 integro,
629 3208 758 3255 inventum
775 3216 910 3266 memoret,
929 3223 1038 3270 nnqnem
1056 3206 1083 3253 in
1100 3204 1179 3252 lucem
1198 3222 1260 3269 pro·

183 3287 253 3333 tracti
267 3299 332 3336 sunt.
1222 3284 1228 3300 “

217 3375 279 3436 Ques
294 3375 407 3423 codicum
420 3376 509 3424 Velleii
523 3379 617 3437 jecture
632 3377 661 3424 in
676 3386 769 3424 tentum
786 3375 892 3424 dolende
909 3386 959 3434 est,
976 3376 1003 3422 in
1020 3384 1139 3439 qnentum
1156 3372 1260 3420 mnrbe·

182 3456 261 3503 oensis
279 3457 323 3505 iste
341 3457 405 3505 liber
423 3460 560 3507 mutilatum
574 3471 598 3506 et
617 3458 775 3523 deprevatum
792 3459 913 3507 Velleinm
930 3458 1004 3506 nobis
1017 3456 1127 3504 tradidit.
1144 3456 1209 3504 Nem
1227 3454 1260 3504 eh

183 3538 256 3587 initio
269 3550 292 3586 et
303 3538 353 3587 fine
362 3541 462 3589 mutilus
471 3553 536 3602 eret,
548 3543 575 3589 in
586 3541 669 3589 medio
678 3542 797 3605 plurimes
806 3540 912 3588 habebat
919 3541 1031 3598 lecunm,
1044 3540 1117 3601 louge
1127 3538 1261 3585 meximem

182 3620 249 3669 libro
261 3624 272 3669 Ι
285 3623 384 3683 medio,
398 3625 586 3688 fodissimisque
600 3626 666 3673 vitiis
680 3643 709 3674 ec
724 3626 869 3689 corruptelis
884 3625 997 3673 scetebet.
1010 3623 1130 3672 Incidisse
1141 3624 1210 3670 enim
1223 3623 1262 3670 ri·

184 3705 257 3753 detur
270 3705 297 3752 in
307 3705 438 3755 hominnm
451 3709 632 3756 incuriosorum
644 3719 668 3756 et
681 3710 816 3757 insciorum
829 3725 931 3767 munus,
945 3709 988 3772 qui
1001 3708 1064 3755 rele
1076 3707 1125 3754 situ
1139 3722 1197 3753 enm
1207 3722 1261 3754 non

184 3788 360 3851 defenderent,
379 3792 416 3839 vel
435 3792 492 3839 folie
510 3792 620 3855 qnaedem
635 3807 648 3840 e
663 3792 743 3840 fronte
759 3803 783 3839 et
801 3809 814 3839 e
833 3791 933 3852 medio,
952 3792 1036 3840 nescio
1053 3805 1116 3853 quos
1135 3789 1164 3836 in
1181 3804 1261 3849 usne,

183 3883 333 3921 meterent.
346 3875 462 3922 Praeteree
473 3875 518 3922 elie
529 3877 627 3924 accessit
640 3876 754 3941 improbe
767 3892 868 3934 menos,
882 3893 937 3938 que
947 3876 1012 3925 velut
1024 3873 1195 3922 membrenem
1205 3883 1262 3921 teu·

184 3966 279 4016 tetum,
295 3974 343 4017 en,
357 3957 433 4006 literis
447 3960 590 4023 expunctis,
608 3961 757 4023 superscribi
771 3970 871 4025 posset,
884 3962 912 4008 in
925 3959 975 4008 fine
989 3957 1109 4008 nonnulle
1121 3958 1203 4005 erasit
1214 3959 1264 4005 Le·

184 4056 292 4092 cunosns
300 4042 374 4091 etiem
386 4054 438 4092 eret
447 4053 496 4093 tsrn
505 4045 696 4106 versiculorum,
707 4059 780 4109 quem
790 4044 922 4093 verbomm
933 4040 1109 4093 omissionibus
1119 4042 1264 4106 dequenm
